1561 2413
587 132 784 158 ΘΕΟΓΟΝΙΑ.
1219 127 1260 158 43

205 219 354 257 ἄψορρον
378 217 393 241 -:·
417 218 449 248 δ’
466 217 587 248 ε’ξαῡτις
609 216 795 254 ἀμειλίκτων
820 215 882 246 ὑπὸ
907 216 1030 252 ὸεςμών

120 274 170 296 66¹¹
202 268 377 306 ἠλύθομεν,
403 268 527 306 Κρόνου
551 268 596 299 υἱὲ
619 267 713 303 ἄναξ,
737 265 901 297 ἀνάελπτα
924 265 1088 296 παθόντες.

205 322 250 360 τῷ
275 319 323 350 καὶ
347 320 405 350 νῦν
430 319 534 350 ἀτενεῖ
556 328 589 349 τε
612 317 680 357 νόω
703 317 753 348 καὶ
776 316 927 355 ἐπίφρονι
951 317 1049 356 βουλῇ

206 369 362 409 ῥυςόμεθα
384 369 498 408 κράτος
522 369 602 407 ὑμὸν
626 368 661 400 ἐν
685 368 755 409 αἰνῇ
779 369 932 406 δηιοτῆτι,

205 420 399 459 μαρνάμενοι
423 421 545 458 Τιτῆςιν
569 419 631 451 ἀνὰ
653 419 806 458 κρατερὰς
830 418 981 456 ὑςμίνας.»

249 470 292 502 ὧς
315 471 404 511 φάτ’.
428 471 589 512 ε’πῄνηςαν
613 471 647 502 δὲ
670 470 737 501 Θεοὶ
760 471 900 508 δωτῆρες
923 469 1027 502 ἑάων.

122 528 170 551 665
201 523 301 560 μῦθον
325 521 529 554 ἀκούςαντες·
553 521 695 559 πολέμου
719 522 750 552 δ’
773 520 927 551 ἐλιλαίετο
951 519 1048 558 Θυμὸς

207 574 327 611 μᾶλλον
353 573 409 609 ἔτ’,
434 573 451 610 ἢ
475 573 511 604 τὸ
535 572 682 611 πάροιθε·
712 571 814 609 μάχην
838 572 870 602 δ)
894 571 1073 609 ἀμέγαρτον
1097 569 1222 607 ἔγειραν

206 623 341 661 πάντες,
364 623 484 661 θήλειαί
506 633 538 654 τε
562 623 611 654 καὶ
634 622 783 661 ἄρςενες,
806 622 897 660 ἤματι
920 621 1028 661 κείνῳ,

210 675 339 712 Τιτῆνές
362 684 394 705 τε
418 675 484 706 θεοὶ
507 674 555 705 καὶ
578 674 647 704 ὅςοι
672 673 796 712 Κρόνου
819 673 1021 710 ἐξεγένοντο,

209 724 265 756 οὕς
289 735 321 756 τε
345 725 426 756 Ζεὺς
451 725 651 764 Ἐρέβευςφιν
675 724 739 755 ὑπὸ
762 725 880 762 χθονὸς
904 723 958 761 ἧκε
983 722 1127 762 φόωςδε,

124 778 174 802 670
204 769 300 805 δεινοί
324 784 356 805 τε
380 774 526 812 κρατεροί
549 784 599 811 τε,
624 774 692 812 βίην
716 773 902 812 ὑπέροπλον
927 773 1072 812 ἔχοντες·

208 826 272 855 τῶν
296 825 409 856 ἑκατὸν
433 826 488 863 μὲν
506 826 608 864 χεῖρες
632 824 691 855 ἀπ’
717 825 813 862 ὤμων
838 824 983 856 ἀίςςοντο

212 877 303 906 πᾶςιν
328 875 429 913 ὁμῶς.
454 876 589 915 κεφαλαὶ
612 876 647 906 δὲ
670 875 789 915 ἑκάςτω
814 875 1012 913 πεντήκοντα

212 926 243 957 ἐξ
267 925 364 964 ὤμων
387 926 551 965 ἐπέφυκον
575 926 625 957 ἐπὶ
649 927 817 965 ςτιβαροῑςι
839 927 988 964 με’λεςςιν.

251 976 283 1007 οἳ
306 976 377 1008 τότε
401 977 558 1015 Τιτήνεςςι
582 977 767 1008 κατέςταθεν
792 977 826 1007 ἐν
851 976 903 1007 δαῒ
926 977 1041 1017 λυγρῇ,

124 1032 173 1056 675
197 1027 312 1065 πέτρας
336 1027 504 1066 ἠλιβάτους
528 1029 684 1066 ςτιβαραῑς
709 1028 744 1059 ἐν
767 1028 871 1066 χερςὶν
896 1027 1034 1065 ἔχοντες.

251 1078 380 1116 Τιτῆνες
403 1079 433 1109 δ’
456 1078 612 1117 ἑτέρωθεν
635 1078 850 1116 ἐκαρτύναντο
874 1079 1043 1118 φάλαγγας

210 1129 441 1167 προφρονέως,
466 1131 581 1168 χειρῶν
605 1139 638 1160 τε
663 1129 728 1168 βίης
752 1130 784 1160 θ’
808 1128 870 1167 ἅμα
894 1130 990 1168 ἔργον
1014 1129 1151 1168 ἔφαινον

212 1179 396 1218 ἀμφότεροι.
420 1181 528 1211 δεινὸν
552 1181 586 1211 δὲ
608 1180 740 1218 περίαχε
763 1180 884 1211 πόντος
908 1180 1064 1218 ἀπείρων,

210 1232 250 1268 γῆ
274 1231 308 1261 δὲ
331 1231 403 1269 μέγ’
428 1231 655 1270 ἐςμαράγηςεν,
680 1231 827 1262 ἐπέςτενε
851 1232 882 1262 δ’
906 1231 1044 1270 οὐρανὸς
1068 1230 1162 1269 εὐρὺς

176 1341 208 1365 L.
220 1341 251 1365 V.
277 1349 302 1365 v.
314 1342 371 1366 659.
391 1341 516 1381 ἄψορρον
536 1341 564 1365 δ’
577 1341 613 1367 ἐξ.
627 1342 771 1367 MEovam
790 1341 837 1372 ἄψ.
851 1341 885 1367 ἐξ.
896 1343 958 1368 Par.
963 1342 1012 1366 DG
1032 1341 1141 1373 ἄψορον
1155 1341 1190 1366 ἐξ.
1201 1341 1246 1366 CV
1250 1348 1268 1374 p

176 1373 232 1399 ὑπὸ
251 1374 273 1399 δ
279 1375 403 1400 MEOam
422 1374 477 1399 ἀπὸ
496 1376 519 1400 δ.
541 1376 639 1408 reliqui
709 1384 733 1400 v.
753 1377 809 1401 660.
835 1375 903 1400 ἄναξ
923 1384 965 1400 οιιι
985 1376 1031 1400 CV
1061 1376 1113 1400 Ζευ
1133 1384 1181 1407 p10
1201 1375 1269 1400 ἄναξ

125 1416 142 1432 ν
195 1408 303 1433 ἄελπτα
322 1415 340 1441 p
410 1417 434 1433 v,
449 1411 496 1433 662¹
516 1418 557 1434 om
571 1410 594 1433 V
634 1410 747 1434 Versum
768 1410 895 1434 omissum
915 1411 942 1433 in
962 1410 982 1433 C
1003 1410 1036 1434 ad
1056 1418 1140 1441 marg.
1161 1410 1268 1442 supple-

125 1443 165 1466 vit
183 1443 254 1466 idem
275 1443 319 1474 qui
343 1442 455 1467 Scholia
480 1444 626 1476 exsulipsit
649 1443 780 1468 librarius
832 1443 984 1475 ῥυεςόμεθα
1004 1444 1026 1467 (Δ)
1079 1443 1158 1473 ὑμῶν
1178 1446 1200 1468 Ο

127 1484 151 1501 v.
162 1477 220 1502 663.
240 1476 437 1508 μαρνάμεθαν
473 1476 512 1501 ἑνὶ
533 1479 652 1509 κρατερή
666 1476 763 1508 ὑςμίνῃ
779 1477 824 1502 CV
877 1485 902 1501 v.
916 1479 973 1502 664.
993 1476 1068 1502 ἑάων
1083 1478 1122 1501 Ο·ι
1175 1486 1199 1502 v
1211 1479 1268 1502 665.

125 1509 155 1534 ὸὲ
179 1509 300 1535 λιλαίετο
318 1516 337 1542 1)
359 1522 369 1526 -
395 1511 473 1542 θυμῷ
493 1517 511 1542 1)
593 1520 616 1536 ι·
637 1512 694 1535 666.
714 1511 748 1536 τὸ
768 1510 882 1542 πάροιθε
901 1512 950 1536 ΕΟ
969 1510 1121 1551 τοπάροιθε
1144 1519 1198 1535 uno
1223 1520 1268 1536 ex-

126 1547 205 1575 ceptu
225 1544 324 1576 reliqui
376 1543 484 1575 ἔγειρον
503 1551 520 1576 p
584 1554 608 1569 v.
622 1546 679 1570 667.
700 1545 814 1576 ἄρρενες
833 1552 851 1578 p
922 1554 947 1570 v.
967 1546 1025 1570 669.
1045 1545 1092 1569 οὕς
1113 1552 1160 1570 κεν
1181 1544 1231 1576 Ερ.
1250 1552 1268 1577 p

125 1577 157 1601 οὔ
171 1584 202 1602 τε
214 1576 244 1602 Ζ.
259 1586 275 1602 a
323 1576 477 1609 Ερὲβεςφιν
491 1585 527 1610 vl)
542 1578 714 1610 Ερέβευςφιν
728 1587 780 1604 uno
795 1582 910 1611 excepto
924 1587 983 1604 cum
998 1587 1013 1603 a
1026 1579 1126 1610 reliqui
1162 1579 1265 1610 φάοςδε

125 1614 147 1635 (J
167 1611 264 1642 φόβως
284 1611 313 1636 δὲ
330 1612 352 1635 Ε
373 1612 412 1643 <in
431 1620 515 1643 nim-g
529 1613 611 1643 φάος)
682 1621 706 1639 v.
718 1615 776 1638 671.
795 1615 855 1638 τῶν
875 1613 924 1643 μὲν
943 1613 1046 1638 ἑκατὸν
1065 1620 1088 1643 χ.
1101 1614 1123 1637 Ο
1160 1613 1267 1638 ἀῑςςον-

126 1651 170 1669 ται
183 1646 230 1670 ΕΟ
300 1654 325 1669 v.
339 1647 396 1670 6722.
417 1646 445 1670 δ’
463 1645 568 1678 ἑκάςτψ
588 1647 635 1679 Mp
706 1655 729 1671 v.
745 1649 803 1673 673.
823 1646 927 1678 με’λεςςι
940 1648 992 1672 ΜΟ
1063 1655 1087 1671 v.
1102 1648 1160 1671 675.
1180 1648 1268 1677 ςτιβα-

125 1677 174 1710 ρὰς
198 1679 226 1702 M
250 1679 389 1712 (ςτιβαρῇς
413 1688 469 1704 sec.
496 1672 598 1712 ΙιόιὶιΙ.)
624 1680 729 1706 CEOV
722 1688 758 1713 ap
784 1680 914 1712 (foi-:t1sse
934 1681 972 1711 ιιι)
999 1683 1026 1705 et
1050 1681 1134 1705 Sclzol.
1159 1680 1268 1712 ἰςχυρὰς

126 1713 266 1744 interpret
261 1717 321 1737 itus
340 1714 477 1745 ςτιβαραῑς
492 1721 509 1746 p
529 1715 656 1746 ςτιβαρῇς
677 1723 737 1739 cum
758 1723 773 1740 v
792 1715 892 1747 1eliqui
962 1723 986 1739 v.
1001 1716 1058 1739 676.
1079 1714 1269 1746 ἐκαρτύνοντο

126 1746 199 1771 Hor.
203 1747 224 1771 E
278 1748 344 1771 kost
362 1747 506 1778 φάλαγγας
526 1749 694 1781 inteipungit
713 1758 728 1772 a
802 1758 826 1774 v.
845 1750 903 1775 677.
923 1750 1024 1780 χειρῶν
1042 1756 1073 1774 τε
1093 1748 1150 1779 ἅμα
1169 1749 1268 1774 omisso

126 1795 183 1828 βίης
202 1797 231 1822 θ’
250 1798 271 1823 Ο
324 1797 391 1829 ἔργα
410 1799 491 1823 Taur.
572 1807 597 1824 v.
616 1800 674 1825 678.
694 1799 722 1824 δε
741 1807 793 1831 περ
813 1782 895 1848 Ξῧέἓε
885 1800 913 1824 Μ

195 1899 224 1923 C.
240 1900 269 1924 C.
305 1907 330 1926 v.
342 1902 398 1924 660.
420 1900 587 1925 πανάελπτα
607 1901 666 1931 coni
684 1902 809 1926 H'ieseler
878 1909 903 1925 v.
917 1902 974 1927 666
995 1896 1033 1928 ἀθ
1052 1903 1183 1926 Hermann
1203 1903 1268 1927 ibid

192 1941 217 1957 v.
236 1935 322 1958 670—
329 1935 378 1958 673
397 1928 436 1960 ἀΘ
454 1935 585 1958 Hermann
605 1943 630 1966 p.
653 1937 682 1959 17
756 1935 792 1967 [v.
812 1937 899 1960 671-
906 1935 966 1968 673]
990 1939 1019 1959 ut
1038 1937 1171 1973 repetitos
1191 1945 1223 1960 ex
1243 1945 1268 1961 v.

127 1969 258 1992 150—152
277 1968 300 1991 11
307 1969 357 1998 oll',
378 1968 458 1992 Meri
478 1969 633 1993 recensioni
648 1969 773 1994 attribuit
787 1970 905 1995 Ger-lund
973 1978 997 1994 v.
1011 1971 1060 1995 676
1080 1965 1118 1996 ἀθ
1133 1971 1268 2002 Goetllz‘ny

127 2002 166 2025 ita
184 2004 214 2025 ut
232 2009 258 2027 v.
272 2003 320 2026 677
341 2001 526 2041 προφρονέως
546 2004 646 2033 χειρῶν
658 2011 731 2028 τε-
745 2003 902 2035 ἀμφότεροι
922 2005 1038 2028 cohaere
1043 2007 1099 2030 ant
1136 2005 1268 2028 Hermann

127 2035 154 2059 in
172 2042 225 2059 una
244 2036 407 2060 recensione
426 2044 450 2061 v.
471 2037 520 2061 668
540 2042 567 2060 et
586 2038 634 2061 676
654 2038 761 2062 omissis
780 2038 942 2069 conjunctos
962 2039 1046 2062 fuisse
1066 2046 1091 2062 v.
1105 2040 1153 2062 675
1174 2041 1201 2062 et
1219 2039 1268 2062 677

127 2069 180 2092 sic:
199 2069 311 2099 ἔχοντες
331 2069 530 2101 προφρονέως·
550 2077 651 2101 χειρων
669 2071 698 2096 δὲ
711 2084 751 2102 —‚
771 2073 799 2095 in
819 2072 908 2096 altera
927 2081 951 2096 v.
971 2074 1019 2096 667
1040 2073 1140 2096 omisso
1161 2080 1268 2096 versum

127 2102 175 2127 666
193 2111 253 2127 cum
272 2111 297 2129 v.
317 2104 365 2129 668
385 2104 560 2135 conjunctum
580 2105 679 2136 fuisse,
699 2106 809 2130 tertiam
828 2114 853 2131 v.
872 2107 1014 2130 668-675
1033 2106 1140 2130 omissis
1160 2114 1268 2130 versum

127 2143 151 2160 v.
163 2137 211 2160 676
230 2138 323 2161 statim
343 2141 402 2169 post
421 2146 446 2162 v.
458 2140 506 2163 667
526 2141 573 2162 aut
593 2139 663 2163 adeo
682 2143 743 2171 post
756 2148 780 2164 v.
793 2141 842 2164 664
854 2139 983 2164 habuisse
1004 2140 1129 2171 putabat.
1166 2140 1267 2164 Postea

128 2177 153 2200 Ι).
174 2171 203 2194 17
222 2178 247 2196 V.
267 2172 315 2196 668
335 2175 362 2195 et
380 2172 513 2197 670-673
533 2172 646 2203 abjecit.
