1561 2413
309 120 368 151 126
795 121 960 146 ιἸΣιοΔοΤ

389 205 549 243 εὐκόςμως
572 205 712 236 ςτολίςας
735 205 811 243 νηὸς
835 205 934 243 πτερὰ
956 205 1191 243 ποντοπόροιο·

389 255 545 293 πηδάλιον
567 256 600 286 δ’
624 255 750 294 εὐεργὲς
773 255 853 294 ὑπὲρ
876 257 1000 287 καπνοῦ
1021 256 1238 294 κρεμάςαςθαι·

305 311 354 335 6:30
385 306 480 337 αὐτὸς
503 307 534 337 δ’
552 306 672 345 ὡραῖον
696 306 816 344 μίμνειν
839 305 959 342 πλόον,
984 305 1026 336 εἰς
1050 305 1067 336 ὅ
1084 317 1137 338 κεν
1153 306 1235 347 ἔλθῃ.

434 357 482 387 καὶ
505 357 576 388 τότε
599 359 672 395 νῆα
695 357 773 394 θοὴν
796 355 890 386 ἅλαδ’
915 356 1058 394 ἑλκέμεν,
1082 357 1116 388 ἐν
1139 357 1174 387 δέ
1197 367 1230 388 τε
1254 357 1405 396 φόρτον

393 406 531 445 ἄρμενον
555 407 759 443 ἐντύναςθαι,
782 407 828 438 ἵν’
845 406 951 438 οἴκαδε
974 407 1113 444 κέρδος
1136 407 1238 446 ἄρηαι,

394 458 438 488 ὥς
461 469 522 496 περ
546 458 619 496 ἐμός
642 469 674 489 τε
697 459 800 496 πατὴρ
823 458 872 488 καὶ
895 457 963 494 ςός,
987 458 1066 496 μέγα
1088 458 1180 496 νήπιε
1202 458 1325 496 Πέρςη,

390 509 558 540 πλωίζεςκ>
581 509 615 539 ἐν
640 508 726 546 νηυςὶ
750 508 818 546 βίου
841 509 1033 546 κεχρημένος
1056 508 1181 539 ἐςθλοῡ·

305 564 354 588 635
385 559 420 590 ὅς
444 570 522 590 ποτε
546 560 593 590 καὶ
616 560 688 599 τῇδ’
712 558 786 596 ἦλθε
809 559 914 590 πολὺν
931 559 982 589 διὰ
998 559 1120 591 πόντον
1135 559 1287 595 ἀνύςςας,

391 610 495 648 Κύμην
518 610 646 640 Αἰολὶδα
668 610 854 647 προλιπών,
879 609 913 640 ἐν
936 610 986 647 νηὶ
1008 609 1154 650 μελαίνῃ,

391 659 448 690 οὐκ
471 659 593 698 ἄφενος
617 659 749 698 φεύγων
773 659 848 690 οὐδὲ
871 659 1013 690 πλοῦτόν
1035 670 1067 690 τε
1092 660 1141 690 καὶ
1164 659 1278 698 ὄλβον,

389 710 470 740 ἀλλὰ
493 711 589 747 κακὴν
614 709 742 747 πενίην,
764 710 821 747 τὴν
845 710 926 741 Ζεὺς
949 709 1091 749 ἄνδρεςςι
1113 710 1233 741 δίδωςι·

389 761 523 792 νάςςατο
547 762 579 791 δ’
602 761 678 798 ἄγχ’
700 761 867 792 Ἑλικῶνος
888 761 995 802 ὀιζυρῇ
1019 761 1065 792 ἐνὶ
1088 761 1190 802 κώμῃ,

305 816 354 840 640
385 812 514 852 Ἄςκρῃ,
538 813 629 850 χεῖμα
652 814 746 852 κακῇ,
770 812 853 849 Θέρει
876 811 1031 852 ἀργαλέῃ,
1056 811 1131 842 οὐδέ
1154 812 1231 852 ποτ]
1256 812 1355 852 ἐςθλῇ.

431 863 507 900 τύνη
532 863 574 899 δ’,
598 861 623 892 ὦ
647 862 767 900 Πὲρςη,
791 862 896 900 ἔργων
919 863 1113 900 μεμνημένος
1136 862 1217 893 εἶναι

390 913 518 951 ὡραίων
543 913 689 949 πάντων,
713 913 784 951 περὶ
801 913 958 951 ναυτιλίης
982 914 1016 944 δὲ
1039 914 1175 951 μάλιςτα.

306 1033 340 1057 al.
355 1031 403 1064 m.)
423 1031 540 1063 ἑγκάθεο
560 1033 577 1056 S
596 1031 730 1063 ἐγκάτθεο
749 1041 807 1056 cum
826 1033 878 1056 MV
897 1035 926 1056 ut
944 1032 1052 1056 videtur
1071 1031 1170 1063 reliqui
1189 1030 1233 1062 (de
1253 1031 1344 1056 multis
1363 1032 1440 1056 codd.

305 1067 344 1091 nil
365 1067 483 1098 constat)

374 1101 404 1124 L.
425 1102 455 1126 V.
494 1109 518 1126 V.
539 1102 596 1125 628.
619 1099 753 1130 ςτολὴςας
777 1101 798 1124 L
870 1099 937 1131 νηὸς
961 1100 997 1131 Β,
1022 1100 1069 1124 sed
1093 1106 1105 1124 ς
1129 1099 1156 1123 ἱι]
1182 1107 1234 1123 ras.
1339 1107 1364 1123 v.
1384 1100 1441 1123 629.

305 1136 432 1159 κναπνοῠ
457 1135 478 1158 L
550 1134 731 1165 κρεμάςαςθαι
754 1135 788 1161 Β,
815 1134 861 1158 sed
886 1134 902 1157 θ
925 1134 952 1157 in
977 1141 1030 1157 ras.
1133 1141 1158 1157 v.
1183 1134 1240 1157 630.
1269 1132 1344 1157 ἔλθοι
1366 1132 1440 1162 OQV

304 1169 401 1194 Venet.
418 1170 429 1191 1
526 1176 550 1191 v.
570 1169 627 1193 631.
648 1167 701 1192 ἅλα
719 1167 748 1192 δέ
768 1169 794 1192 Μ
859 1166 975 1197 ἔλκέμεν
994 1166 1057 1197 (sic)
1078 1175 1094 1190 a
1197 1174 1222 1192 v.
1242 1168 1300 1193 632,
1319 1165 1441 1197 ἄρμενον

305 1210 338 1226 ex
361 1202 482 1233 ἄρμενον
507 1202 547 1231 (ut
570 1202 676 1226 videtur
702 1209 736 1225 m.
756 1201 779 1233 I)
802 1202 829 1225 M
858 1201 981 1232 ἄρμενον
1004 1201 1025 1224 Τ
1112 1208 1136 1224 v.
1160 1201 1218 1224 634.
1243 1199 1394 1224 πλωίζεςκ’
1411 1199 1441 1224 ἐν

305 1237 383 1267 νηυςὶ
402 1236 480 1265 MQT
499 1235 587 1266 (νηύςι
607 1236 640 1265 Τ)
660 1241 677 1266 p
703 1234 856 1260 πλωίζοςκ)
874 1235 904 1259 ἐν
923 1242 1000 1266 νηυςι
1020 1242 1037 1264 μ
1057 1233 1208 1259 πλωίζεςκε
1228 1241 1250 1257 ν.
1270 1234 1306 1258 Sa
1325 1232 1442 1258 πλωίζε-

307 1277 370 1294 ςκεν
389 1277 412 1293 ν.
433 1270 533 1300 reliqui
590 1271 686 1300 νηυςιν
706 1271 731 1293 Μ
753 1269 811 1299 (sed
830 1276 847 1292 ν
867 1269 913 1293 alt.
934 1272 1030 1300 postea
1050 1268 1112 1298 add)
1199 1276 1223 1292 v.
1243 1268 1301 1292 635.
1321 1266 1352 1292 ὃς
1371 1266 1441 1291 ποτὲ

305 1304 352 1327 ΒΟ
405 1302 473 1333 ἦλθε
492 1303 523 1332 Τ,
544 1303 591 1326 sed
604 1310 621 1333 η
636 1311 669 1326 ex
688 1310 700 1326 ε
721 1311 789 1327 corr.
845 1302 932 1333 βαθὺν
950 1310 998 1333 pro
1017 1301 1108 1326 πολὺν
1130 1309 1189 1325 cum
1208 1302 1317 1326 Proculo
1337 1302 1358 1325 L
1378 1304 1404 1324 et
1423 1301 1440 1324 b

306 1346 350 1369 ap.
370 1337 460 1367 Lennq
480 1337 508 1360 in
527 1336 587 1360 Gal.
608 1344 654 1368 pro
674 1337 753 1360 varia
772 1337 836 1360 lect.
890 1335 991 1360 ἀνύςας
1010 1336 1077 1365 ptLQ
1097 1335 1136 1366 (in
1156 1335 1177 1365 Q
1198 1343 1231 1358 m.
1251 1335 1273 1358 Ι.
1295 1334 1410 1358 alterum
1428 1341 1441 1358 ς

307 1387 512 1419 suprascrIpsit)
533 1387 594 1418 STp
614 1386 715 1411 ἀνύςας
735 1395 768 1410 ex
786 1385 887 1411 ἀνῦςας
907 1384 951 1418 (m.
973 1386 1052 1417 post.)
1073 1386 1099 1409 in
1118 1386 1146 1409 M
1214 1394 1239 1410 v.
1258 1386 1315 1410 636.
1335 1367 1442 1409 αἰολίδοι

307 1421 352 1451 (δα
371 1424 468 1453 postea
487 1421 578 1453 suppl)
599 1421 620 1444 L
691 1420 804 1451 μελάινη
826 1429 857 1444 ex
878 1420 992 1450 μελαινῆ
1011 1420 1055 1449 (m.
1076 1420 1114 1449 11)
1134 1427 1193 1443 corr
1212 1420 1233 1443 L
1339 1427 1365 1443 v.
1384 1419 1442 1443 637.

306 1455 413 1486 ἄφενον
431 1461 449 1486 p
520 1455 553 1478 οὐ
573 1454 601 1478 δέ
619 1455 647 1478 Μ
720 1455 848 1479 πλοῦτον
869 1453 901 1478 τὲ
914 1454 995 1491 ΜΟΤ
1024 1454 1149 1477 πλοῦτον
1167 1460 1198 1477 τε
1218 1460 1235 1483 μ
1338 1461 1363 1477 v.
1383 1453 1440 1478 638.

306 1505 416 1536 ἅνδρεςι
433 1506 460 1529 M
480 1504 591 1536 ἀνδράςι
610 1506 657 1529 LT
709 1504 803 1529 διδώςῑ
820 1505 848 1528 Μ
866 1495 932 1528 διδὸι
952 1505 973 1528 L
994 1503 1102 1528 διδωςιν
1121 1510 1139 1535 p
1226 1511 1250 1527 v.
1270 1504 1328 1528 639.
1349 1501 1441 1527 εἵςατο

306 1540 334 1563 δ’
353 1541 421 1563 Cer-t.
435 1540 499 1564 Hes.
514 1547 537 1562 e.
552 1540 631 1564 Hom.
650 1539 710 1563 init.
764 1538 792 1562 δ’
812 1547 844 1562 ex
863 1538 892 1562 δὲ
918 1540 962 1567 (m.
983 1539 1064 1570 post.)
1090 1546 1150 1562 corr
1169 1538 1196 1561 M
1250 1536 1395 1562 Ἑλικῶνος
1414 1537 1442 1560 Μ

307 1572 454 1598 Ἑλικῶνος
474 1581 505 1596 ex
526 1572 672 1597 Ἑλικῶνος
687 1580 746 1596 corr
766 1574 810 1601 (m.
823 1573 903 1603 post.)
919 1573 940 1595 L
1011 1579 1035 1595 v.
1054 1572 1112 1595 640.
1133 1572 1212 1601 χεῖμα
1232 1579 1264 1594 ex
1284 1569 1363 1601 χείμα
1383 1577 1443 1594 corr

307 1610 352 1637 (m.
364 1611 434 1639 post.
445 1610 475 1630 ut
487 1607 606 1637 videtur)
622 1607 647 1629 M
684 1607 763 1637 χεῖμα
777 1605 827 1636 μὲν
841 1607 910 1637 κακῇ
931 1612 948 1636 p
969 1606 1038 1634 κακὴ
1059 1606 1080 1628 T
1122 1604 1180 1635 θέρι
1198 1603 1229 1628 τ’
1247 1605 1268 1628 L
1288 1603 1360 1635 θέρει
1378 1603 1410 1627 τ’
1422 1609 1440 1635 p

306 1640 379 1672 θέρει
398 1640 428 1665 δ’
447 1642 505 1672 Oap
520 1648 579 1664 cum
592 1641 698 1664 Gramm.
713 1648 756 1671 ap.
768 1640 849 1663 Cram.
861 1640 926 1670 <visk
937 1640 1020 1668 infra)
1034 1637 1112 1669 θέρος
1126 1638 1188 1662 Par.
1203 1638 1232 1664 Ρ,
1244 1638 1313 1669 Aug.
1325 1638 1441 1661 Eustatsz.

307 1676 341 1698 ad
359 1675 391 1700 Il.
411 1683 436 1706 p.
457 1676 515 1703 270,
533 1675 573 1698 38.
597 1674 744 1705 Vulgatam
765 1673 873 1696 firmant
891 1673 983 1696 Strabo
1002 1673 1039 1696 lx
1059 1680 1084 1702 p.
1098 1673 1155 1697 409.
1177 1672 1244 1697 Cert.
1266 1671 1314 1696 l.1.
1334 1672 1441 1695 Lucian.

306 1709 470 1738 Pseudolog.
493 1710 522 1732 19
541 1710 604 1732 tom.
624 1708 664 1731 111
684 1715 707 1738 p.
730 1708 785 1733 177,
806 1707 913 1731 Maxim.
938 1707 996 1737 Tyr.
1017 1706 1104 1729 XXIX
1125 1707 1147 1729 7.
1170 1705 1253 1729 Scltol.
1268 1705 1336 1731 Ven,
1356 1704 1389 1728 ad
1408 1704 1439 1728 11.

307 1742 326 1766 Β
346 1744 402 1766 507.
423 1739 506 1766 Sc‘lzol.
527 1742 560 1765 ad
578 1741 692 1766 Nicand.
707 1741 787 1765 Ther.
803 1742 840 1765 11,
863 1741 967 1764 Grmnm.
981 1748 1024 1771 ap.
1040 1739 1121 1763 Crum.
1142 1747 1184 1762 an.
1201 1739 1262 1762 Par.
1281 1738 1324 1762 111
1342 1746 1368 1770 p.
1384 1739 1440 1768 193,

306 1777 351 1807 qui
371 1777 452 1800 citat:
474 1775 586 1806 Ἄςκρη,
605 1776 686 1806 χεῖμα
705 1774 790 1805 κακή,
810 1773 883 1805 θέρει
902 1773 930 1798 δ’
948 1772 1079 1804 ἀργαλέη,
1099 1771 1235 1797 οὔδεποτ’
1252 1771 1342 1803 ἑςθλή.
1397 1770 1442 1802 ἁρ-

306 1809 392 1841 γαλέη
413 1818 445 1833 ex
464 1808 592 1840 ἀργαλέει
613 1810 656 1840 (m.
676 1808 714 1839 11)
735 1816 794 1832 corr
807 1808 833 1831 Μ
886 1807 990 1832 οὔποτ’
1008 1806 1030 1832 ἐ.
1044 1808 1070 1831 Μ
1090 1806 1134 1837 (οὔ
1154 1805 1234 1837 ποτ’)
1253 1806 1305 1836 mQ
1359 1804 1441 1836 ἑςθλη

308 1851 325 1873 μ
410 1851 435 1867 v¹
455 1844 512 1868 641.
532 1842 603 1874 τύνη
622 1843 657 1872 ss,
678 1842 725 1865 sed
744 1849 760 1865 τ
779 1842 941 1873 praegrand.
961 1844 1039 1865 extra
1059 1841 1105 1864 lin.
1208 1848 1232 1863 v.
1252 1840 1310 1865 642.
1330 1839 1392 1870 περὶ
1411 1837 1442 1863 δὲ

306 1875 448 1908 ναυτιλίης
467 1877 574 1900 inverso
593 1877 686 1900 ordine
706 1876 727 1899 Τ

376 1987 405 2011 C.
418 1987 448 2010 C.
471 1994 496 2010 v.
510 1987 643 2010 631-662
663 1980 701 2011 ἀθ
720 1986 798 2009 Steil:
817 1988 926 2017 praeter
944 1993 968 2010 v.
983 1986 1040 2014 643,
1060 1991 1137 2016 quem
1157 1985 1220 2007 ante
1240 1991 1263 2007 v.
1277 1983 1326 2007 689
1345 1982 1441 2013 ejectis

308 2030 332 2047 v.
352 2023 399 2046 687
419 2029 459 2051 sq.
478 2020 632 2051 transponit
700 2027 725 2044 v.
745 2021 803 2043 632.
828 2018 978 2044 ἐντύναςθ’
997 2017 1043 2043 ἵνα
1063 2016 1171 2043 Ροίκαδε
1189 2019 1250 2049 post
1268 2016 1442 2040 Heinriehium

309 2055 369 2086 conj
391 2056 496 2085 Lennep
599 2061 624 2077 v.
643 2053 776 2077 633—642
796 2056 823 2077 et
841 2061 865 2077 v.
884 2053 1016 2077 646—662
1041 2052 1153 2082 „serius
1171 2050 1297 2081 adjecti“
1316 2049 1442 2074 videntur

310 2089 460 2119 Goeltlinyio
488 2088 548 2119 „ab
572 2087 618 2117 iis,
644 2087 690 2117 qui
709 2094 762 2111 non
782 2087 946 2113 Cumanum.
972 2086 1018 2110 sed
1039 2086 1168 2109 Boeotum
1188 2084 1273 2108 fuisse
1292 2083 1441 2108 Hesiodum

309 2131 341 2146 ex
360 2123 426 2154 ipsis
447 2122 507 2152 ejus
525 2120 668 2145 versiculis
688 2120 875 2144 demonstrare
895 2120 1018 2144 vellent“
1100 2126 1125 2142 v.
1145 2119 1194 2142 635
1213 2119 1267 2149 >1—
1288 2117 1374 2149 Spohn

308 2165 333 2182 ν.
353 2157 400 2180 637
420 2163 460 2187 sq.
479 2149 518 2181 ἀθ
536 2155 657 2185 Clericus,
678 2153 759 2185 ejecit
778 2154 883 2178 Brzmck
