1561 2413
274 108 331 139 138
758 109 925 133 HZIOAOT

354 193 503 231 ἑνδεκάτη
527 202 560 224 τε
583 193 765 232 δυωδεκάτη
788 193 833 224 τ’·
857 192 952 232 ἄμφω
975 202 1011 230 γε
1035 192 1091 230 μὲν
1114 192 1234 230 ἐςθλαί,

270 248 319 272 775
354 244 372 282 ἣ
395 244 451 281 μὲν
475 243 521 274 ὄις
545 243 672 281 πείκειν,
696 244 714 282 ἢ
737 244 770 275 δ’
793 243 939 282 εὔφρονα
961 243 1085 282 καρπὸν
1109 242 1254 282 ἀμᾶςθοιι’

354 294 371 332 ἡ
396 294 431 326 δὲ
454 294 634 332 δυωδεκάτη
657 297 712 332 τῆς
735 294 902 332 ἑνδεκάτης
926 293 997 333 μέγ’
1021 293 1172 332 ἀμείνων·

352 347 388 385 τῇ
411 344 471 383 γάρ
495 354 544 376 τοι
566 347 614 376 νεῖ
636 345 751 384 νήματ’
775 343 1002 383 ἀερςιπότητος
1025 344 1165 383 ἀράχνης

353 395 471 433 ἤματος
494 395 529 427 ἐκ
551 395 679 433 πλείου,
703 395 756 426 ὅτε
779 395 810 426 τ’
832 395 912 434 ἰ’δρις
936 395 1040 433 ςωρὸν
1064 394 1192 433 ἀμᾶται·

353 448 389 486 τῇ
413 446 446 476 δ’
468 446 552 477 ἱςτὸν
576 447 717 484 ςτήςαιτο
740 446 819 484 γυνὴ
843 445 1038 484 προβάλοιτό
1061 455 1096 476 τε
1119 444 1223 483 ἔργον.

270 501 319 524 780
395 496 493 534 μηνὸς
515 497 548 528 δ’
570 497 737 535 ἱςταμένου
760 496 1011 535 τριςκαιδεκάτην
1034 495 1220 527 ἀλέαςθαι

355 547 531 586 ςπέρματος
554 547 715 586 ἄρξαςθαι·
742 547 828 587 φυτὰ
850 546 882 578 δ,
905 547 1115 585 ἐνθρέψαςθαι
1138 546 1254 584 ἀρἰςτη,

396 597 467 636 ἕκτη
491 598 524 629 δ’
547 599 565 636 ἡ
588 599 678 636 με’ςςη
702 599 778 637 μάλ)
801 597 986 637 ἀςύμφορός
1009 598 1071 628 ἑςτι
1093 598 1248 636 φυτοῑςιν.

354 647 554 686 ἀνδρογόνος
578 649 611 680 δ’
634 648 750 687 ἀγαθή’
775 649 873 689 κούρῃ
898 648 930 679 δ’
953 648 991 679 οὐ
1016 647 1178 687 ςύμφορός
1202 647 1294 684 ἐςτιν,

357 698 430 730 οὔτε
454 699 597 735 γενέςθαι
621 699 725 738 πρῶτ’
749 698 821 730 οὔτ’
844 699 883 737 ἂρ
905 698 1008 738 γάμου
1031 698 1241 737 ἀντιβολῆςαι.

270 754 318 777 785
397 749 472 780 οὐδὲ
496 750 552 788 μὲν
574 750 593 787 ἡ
617 749 728 788 πρώτη
752 749 824 788 ἕκτη
849 749 947 790 κούρῃ
964 749 978 772 †
994 759 1026 780 τε
1049 749 1193 785 γενέςθαι

269 827 306 856 R.
319 827 356 855 D.
379 838 408 855 v.
422 829 491 857 777.
508 828 546 863 νῆ
593 828 661 856 781.
678 826 837 865 ςπέρματα
853 825 1017 857 δάςςαςθαι
1062 827 1130 855 782.
1146 824 1229 862 μάλα
1244 824 1406 864 ςύμφορός

336 911 367 936 L.
388 911 418 937 V.
454 920 479 935 v.
494 912 551 935 774.
571 911 602 936 ἑν
619 910 648 935 δὲ
667 918 736 942 κατη
752 910 795 941 (111.
811 911 925 951 I-,Tesed
940 918 998 934 aec.
1011 918 1093 942 supra
1106 916 1118 935 ε
1139 909 1220 934 delet.
1238 918 1271 934 m.
1286 910 1366 941 post.)
1381 910 1406 933 M

269 952 402 984 ἑνδεκάτη
422 954 444 977 Τ
464 954 484 978 ἑ.
505 952 533 978 δὲ
553 954 593 984 μς),
615 953 669 984 (ap.
691 952 785 984 Gaisf.)
806 953 825 977 ἑ.
844 953 872 978 δέ
892 953 913 983 Q
934 953 988 984 (ap.
1003 952 1095 983 Lena.)
1111 950 1131 976 ἐ.
1145 959 1176 976 τε
1196 952 1212 975 S
1232 951 1252 976 ἑ.
1266 950 1295 976 δὲ
1309 959 1324 976 a
1344 952 1364 976 ἑ.
1378 951 1407 976 δε

270 994 300 1011 τε
319 993 337 1018 p
358 986 378 1010 ἑ.
392 994 422 1011 τε
437 987 533 1018 reliqui
569 987 651 1011 δυωδ.
665 994 695 1011 τε
709 987 735 1010 Μ
754 987 784 1011 τ’
798 995 839 1011 om
854 989 875 1012 B
910 986 993 1016 γε’μεν
1006 986 1077 1017 M'l'p
1090 984 1120 1015 γε’
1134 992 1184 1015 μεν
1197 986 1242 1010 ΒΟ
1313 994 1336 1010 ν.
1352 987 1408 1010 775.

269 1020 339 1051 ἠμὲν
357 1035 389 1037 -
409 1020 456 1051 ἠδ’
475 1029 534 1045 cum
553 1021 670 1045 Proculo
690 1022 753 1052 OSl)
817 1020 885 1052 ἠμὲν
905 1019 928 1044 ὅ.
943 1026 1055 1044 πεικειν.
1075 1018 1124 1049 ἥδ’
1144 1019 1166 1048 Q
1186 1018 1202 1049 ή
1224 1018 1274 1049 μὲν
1293 1033 1323 1036 -
1343 1018 1359 1049 ἡ
1380 1018 1409 1043 δ’

269 1054 367 1085 reliqui
382 1054 446 1085 (nisi
461 1055 530 1086 quod
543 1055 569 1078 M
589 1054 605 1085 ἣ
620 1053 649 1079 δὲ
663 1055 683 1078 Β
703 1054 750 1085 ἠδ’
763 1055 785 1078 Τ
800 1055 816 1086 ἠ
830 1055 858 1079 δ’
872 1057 899 1078 et
912 1063 928 1078 a
941 1052 999 1084 ἡδ’)
1047 1052 1173 1083 εὔφρονα
1187 1061 1219 1077 ex
1232 1052 1297 1084 ἅφρ.
1312 1052 1358 1083 (m.
1370 1052 1407 1084 11)

269 1096 330 1112 corr
350 1090 390 1118 <ut
408 1087 527 1119 videtur)
541 1089 568 1112 M
621 1087 737 1119 ἀμάςθαι
757 1090 774 1112 ὃ
842 1097 866 1114 ν,
882 1089 938 1112 776.
959 1085 1106 1118 ἑνδεκάτης
1125 1086 1167 1110 ST
1220 1085 1333 1117 ἄμεινον
1352 1088 1373 1110 Τ

268 1130 293 1146 ν.
313 1123 369 1146 777.
389 1123 431 1147 νεῖ
451 1131 483 1146 ex
503 1123 537 1153 νῆ
557 1121 687 1153 (fortasse
708 1130 741 1146 m.
761 1122 784 1152 Ι)
805 1130 863 1146 corr
883 1123 916 1145 11:
949 1121 984 1146 cf.
1004 1121 1097 1144 Suirlas
1116 1128 1140 1144 v.
1160 1119 1265 1151 ἀράχνη
1285 1134 1314 1136 -
1335 1119 1407 1144 τινὲς

269 1155 299 1180 δέ
311 1155 345 1180 τὸ
359 1157 418 1180 «vei
438 1155 566 1187 νήματα»
585 1155 628 1180 διὰ
641 1157 692 1180 τοῦ
711 1163 726 1187 η
746 1155 880 1187 ἔγραψαν,
897 1155 934 1179 ὡς
949 1153 1093 1179 ἀποκοπὲν
1112 1153 1141 1178 ἑκ
1159 1155 1210 1178 τοῦ
1231 1153 1309 1185 νήθει
1361 1153 1409 1184 νή-

270 1196 343 1219 ματα
362 1190 382 1213 Β
403 1190 501 1214 lemma
522 1190 596 1213 Prae.
616 1190 699 1221 Etym.
721 1190 758 1216 M.
777 1199 801 1222 p.
822 1191 884 1219 603,
904 1191 943 1214 35.
997 1187 1164 1219 ἀερςιπότης
1184 1187 1191 1210 l
1244 1186 1366 1219 ἀχάρνης
1386 1188 1408 1212 Τ

269 1222 375 1254 ἀράχνη
397 1225 502 1248 (it-amm.
522 1232 565 1254 ap,
586 1224 667 1247 Ιί-ιιηι.
689 1231 731 1247 an.
751 1225 814 1248 Par.
834 1224 874 1247 III
893 1232 918 1255 p.
938 1223 994 1247 377.
1065 1230 1089 1248 v.
1113 1222 1168 1246 778.
1194 1221 1300 1252 ἤματος
1324 1222 1374 1245 ΜΤ

270 1258 301 1281 τ’
320 1257 394 1287 ἰ’δρος
414 1263 432 1289 p
497 1257 598 1287 ἀμᾶται
617 1258 644 1280 Μ
730 1266 754 1282 ν.
776 1259 832 1281 779.
851 1258 978 1288 ςτῆςαιτο
997 1256 1018 1279 Τ
1088 1254 1275 1286 προβάλλοιτό
1294 1262 1325 1279 τε
1344 1254 1365 1279 ἕ.
1386 1256 1408 1279 Τ

271 1290 454 1321 προβάλλοιτο
473 1291 504 1315 τ’
522 1290 542 1316 ἕ.
562 1297 580 1322 p
667 1299 692 1314 v.
712 1292 768 1316 780.
794 1290 822 1315 δέ
845 1299 892 1323 pro
912 1289 941 1315 δ’
959 1290 985 1313 M
1010 1289 1182 1318 (vocabulum
1202 1292 1298 1320 postea
1316 1289 1406 1320 suppl)

337 1333 362 1348 v.
382 1326 439 1349 781.
460 1324 602 1356 ςτιέρματα
622 1324 695 1354 OQT
717 1326 755 1355 (in
774 1325 796 1348 Τ
823 1333 854 1348 ex
874 1323 1027 1355 ςπὲρματος
1048 1323 1118 1352 corr)
1138 1324 1234 1348 Venet.
1257 1324 1269 1346 1
1290 1328 1308 1354 p
1329 1322 1408 1354 (πέρ-

270 1365 335 1388 ματι
353 1359 374 1382 Ν
445 1357 587 1383 δάςςαςθαι
607 1366 654 1389 pro
673 1358 729 1389 ἄρξ.
749 1359 771 1388 Q
797 1363 852 1390 sap.
874 1357 965 1388 Lenn.)
985 1358 1082 1381 Venet.
1105 1358 1115 1380 1
1136 1355 1265 1380 δὰςαςθαι
1284 1357 1331 1386 OQ
1353 1355 1407 1388 (ap.

271 1392 364 1422 Gm'sf.)
384 1393 451 1423 N'rp
514 1391 698 1423 ἑκθρὲψαςθαι
717 1392 768 1416 ls'r
790 1392 848 1423 (sed
868 1393 895 1415 in
915 1392 936 1415 Τ
956 1392 1026 1422 θρεψ
1047 1398 1079 1414 ex
1099 1389 1169 1420 corr)
1188 1395 1206 1421 1)
1226 1388 1409 1420 ἐκτρέψαςθαι

270 1432 288 1457 1)
358 1434 382 1450 v.
402 1427 457 1450 782.
479 1425 544 1457 μὲςη
563 1426 611 1457 Ml)
665 1425 737 1457 μάλα
760 1425 900 1456 (ύμφορος
920 1425 941 1455 Q
962 1425 1022 1448 Par.
1044 1425 1079 1453 R,
1109 1424 1177 1455 quod
1204 1424 1284 1447 etiam
1304 1423 1407 1454 legisse

271 1460 403 1483 Proculum
422 1468 454 1483 ex
475 1459 532 1489 ejus
553 1460 779 1491 interpretatione
799 1458 958 1490 «ὠφέλιμον
972 1458 1043 1483 εἶναι
1062 1459 1120 1482 τοῑ(
1140 1458 1239 1488 φυτοῖς
1259 1464 1351 1488 φηςιν,
1370 1457 1408 1481 δι’

271 1492 306 1523 ἢν
332 1492 447 1523 εἴπομεν
471 1492 584 1518 αἰτίανι)
609 1497 660 1519 ete.
686 1494 773 1517 solitis
797 1494 917 1517 'l'zetzae
942 1492 1073 1517 conviciis
1096 1492 1255 1523 vituperata
1280 1494 1407 1522 apparet3

270 1527 318 1550 sed
338 1527 401 1557 μάλ’
419 1526 592 1558 ἁςύμφορος,
613 1528 682 1558 quod
703 1527 802 1558 reliqui
821 1535 913 1550 omnes
932 1526 1033 1550 habere
1052 1525 1193 1555 videntur7
1214 1525 1297 1548 etiam
1317 1525 1407 1550 Schol.

271 1569 351 1585 anon.
376 1561 445 1592 legit
468 1567 481 1585 «
490 1560 541 1585 οὐκ
560 1559 700 1592 ἐπιτηδεία
722 1562 780 1585 τοῖς
804 1562 925 1591 φυτοῖς»)
949 1561 1145 1591 interpretatus
1169 1557 1329 1588 ἀςύμφορος
1352 1558 1408 1583 ἕςτι

270 1595 295 1618 Μ
349 1596 459 1625 φυτοῑςι
478 1595 543 1618 Μὸη
562 1596 698 1625 φοιτοῑςιν
716 1595 738 1618 Τ
824 1603 848 1620 v.
870 1595 924 1618 783.
948 1593 1024 1624 ἀνδρ.
1049 1593 1078 1617 τ’
1098 1592 1140 1622 ἀγ.
1164 1594 1201 1623 Sp
1271 1591 1358 1623 κούρη
1380 1592 1408 1623 lp

338 1627 480 1660 ςύμφορός
508 1628 580 1653 ἕςτιν
608 1631 637 1652 ut
662 1629 770 1652 videtur
797 1629 825 1652 M
852 1627 1012 1658 ἀςύμφορος
1040 1635 1072 1650 ex
1100 1625 1225 1656 ἄμφορος
1256 1625 1300 1655 (m.
1329 1627 1408 1656 post.)

272 1671 331 1686 corr
351 1663 370 1686 B
395 1662 424 1686 δ’
441 1661 601 1693 ἀςύμφορος
621 1663 739 1693 OQNTp
793 1661 868 1686 ἐςτὶν
887 1662 908 1685 Β
989 1669 1012 1684 v.
1034 1661 1090 1684 784.
1115 1659 1180 1684 οὔτε
1200 1666 1223 1688 γ.
1243 1667 1260 1689 μ
1312 1659 1345 1690 ἂρ
1364 1659 1408 1683 vel

270 1695 303 1726 ἀρ
323 1697 353 1725 Τ,
374 1696 420 1720 sed
442 1704 456 1726 p
477 1704 508 1720 ex
529 1704 595 1722 corr.
665 1705 689 1721 v.
710 1696 767 1721 785.
787 1695 820 1720 οὐ
840 1694 868 1719 δὲ
888 1702 912 1725 μ.
931 1695 957 1718 Μ
982 1693 1098 1724 οὐδέμεν
1117 1694 1170 1724 lTp
1196 1692 1259 1717 οὐδὲ
1279 1699 1329 1722 μεν
1348 1693 1409 1717 S'l‘a

339 1730 404 1760 ἕκτη
424 1730 451 1753 Μ
504 1729 590 1760 κούρῃ
610 1737 641 1754 τε
659 1737 716 1759 γεν.
732 1729 833 1760 ΜμΒΙει
852 1732 880 1753 et
899 1729 1017 1752 fortasse
1037 1734 1063 1751 m
1083 1726 1169 1758 κούρη
1189 1726 1220 1751 τὲ
1238 1733 1262 1757 γ.
1284 1727 1300 1750 S
1321 1726 1406 1758 κούρῃ

270 1762 298 1786 δὲ
317 1770 341 1793 γ.
360 1770 378 1795 p
398 1763 510 1794 κούρηςι
528 1763 559 1788 τέ
578 1762 702 1793 γενὲςθαι
722 1764 743 1787 O
763 1761 876 1794 κούρῃςί
894 1769 925 1786 τε
944 1769 1001 1792 γεν.
1021 1762 1042 1785 Τ
1062 1760 1186 1792 (κούρηςι
1204 1759 1238 1791 Τ)
1258 1766 1276 1792 1)
1296 1760 1408 1791 κούρῃςι

270 1804 327 1825 γεν.
353 1798 457 1821 duobus
482 1798 603 1829 exeeptis
628 1797 733 1828 reliqui.
774 1797 944 1827 Singularem
970 1796 1053 1819 etiam
1077 1795 1173 1819 habuit
1196 1795 1318 1817 Proculus
1341 1795 1406 1818 scri-

271 1832 348 1854 bens:
377 1830 446 1860 <«τὴν
466 1830 583 1862 πρώτην
603 1830 688 1862 ἕκτην
706 1829 901 1861 ἀνεπιτηδείαν
921 1829 990 1860 πρὸς
1010 1828 1093 1860 κόρης
1112 1828 1239 1858 γέννηςιν
1258 1827 1328 1852 εἶναι
1348 1827 1407 1857 βού-

272 1865 349 1888 λεται
368 1863 456 1888 καίτοι
474 1866 523 1895 τῆς
545 1863 701 1895 Ἀρτέμιδος
720 1863 804 1889 οῦςαν
823 1863 912 1895 ἱεράν,
933 1863 971 1887 ὡς
990 1862 1132 1892 γενέθλιον
1151 1862 1201 1892 τῆς
1221 1862 1285 1886 θεοῦ
1296 1868 1317 1892 ›>,
1338 1870 1407 1892 quae

271 1898 449 1928 sequentibus
474 1899 584 1922 uberius
608 1900 767 1929 prosecutus
791 1899 859 1922 satis
884 1897 1053 1921 demonstrat
1076 1904 1105 1920 se
1129 1899 1189 1927 post
1211 1895 1282 1919 hunc
1301 1903 1407 1919 versum

272 1932 356 1955 alium
375 1932 485 1963 insuper
504 1932 605 1963 legisse
624 1932 657 1956 de
674 1933 782 1956 Dianae
801 1931 938 1956 natantiis
957 1931 1019 1954 huic
1038 1930 1091 1954 diei
1111 1929 1257 1961 adscriptis

340 2007 369 2031 C.
391 2007 421 2031 C.
458 2015 483 2031 v.
504 2008 636 2032 777-—779
656 2009 694 2031 sic
714 2009 848 2031 attrectat
860 2008 1011 2038 Kappotas:
1029 2007 1070 2037 τῷ
1089 2004 1141 2036 γάρ
1160 2012 1203 2029 τοι
1222 2005 1263 2028 νεῖ
1281 2004 1409 2035 τ’ἤματ·

271 2041 343 2071 ἁερς.
363 2040 486 2072 ἀράχνης
502 2041 506 2072 1
523 2040 645 2072 νήματος
664 2041 793 2072 ἕμπλειος
863 2049 886 2066 v.
898 2041 954 2065 778.
974 2037 1126 2071 ,,ὲκπλείου
1140 2046 1193 2062 uua
1205 2046 1281 2069 voce,
1293 2038 1341 2062 hou
1357 2041 1408 2068 est,

272 2075 315 2098 die
334 2074 424 2106 pleno,
441 2076 545 2099 aestivo
559 2075 673 2100 scilicet.
698 2076 765 2099 Nam
780 2075 885 2098 hiberni
900 2075 957 2098 dies
971 2076 1033 2098 sunt
1051 2072 1155 2097 dimidii
1173 2072 1308 2096 tantum.⁴‘
1329 2072 1408 2096 Guiet.

305 2116 330 2132 v.
351 2109 397 2132 781
418 2110 472 2140 >-ζ-
492 2109 579 2140 Spolm
647 2117 671 2134 v.
687 2109 746 2133 781.
764 2107 945 2140 ἑκθρέψαςθαι
962 2107 1076 2132 volebat
1095 2107 1176 2130 etiam
1192 2105 1265 2130 Gniet
1316 2114 1339 2131 v.
1351 2106 1408 2129 785.

274 2141 385 2174 κούρῃςι
405 2143 462 2167 fere
481 2144 592 2168 editores
