1561 2413
515 145 607 169 ΕΡΓΑ
628 145 690 170 ΚΑι
710 145 859 170 HMEPAI.
1195 145 1247 176 121

110 234 160 259 565
189 229 320 268 χειμέρι’
343 230 486 270 ε’κτελέςῃ
510 229 591 261 Ζεὺς
615 229 734 268 ἤματα.
758 230 796 268 δή
821 230 861 268 ῥα
883 230 954 261 τότ’
977 230 1075 269 ἀςτὴρ

196 281 384 319 Ἀρκτοῦρος
408 281 577 319 προλιπὼν
600 280 689 319 ἱερὸν
713 280 792 319 ῥόον
816 280 981 313 Ὠκεανοῖο

196 333 327 370 πρῶτον
352 331 548 371 παμφαίνων
572 331 767 363 ἐπιτέλλεται
791 332 1039 371 ἀκροκνέφαιος·

195 383 252 414 τὸν
275 383 310 413 δὲ
333 382 403 420 μέτ’
425 382 565 421 ὀρθογόη
589 382 763 414 Πανδιονὶς
788 382 872 421 ὦρτο
896 384 1032 422 χελιδὼν

195 433 227 464 ἐς
251 434 337 472 φάος
361 433 544 472 ἀνθρώποις
567 433 663 472 ἔαρος
687 434 763 465 νέον
788 433 979 473 ἱςταμένοιο·

109 489 160 512 570
191 485 248 523 τήν
272 485 435 523 φθάμενος
460 483 551 517 οἴνας
574 485 812 523 περιτεμνέμεν·
836 485 881 516 ὧς
903 485 964 523 γὰρ
988 485 1127 523 ἄμεινον.
1198 525 1202 528 ,

239 535 313 565 ἀλλ’
337 534 433 566 ὁπότ’
458 535 496 566 ἂν
521 535 692 574 φερέοικος
715 536 780 567 ἀπὸ
805 537 922 574 χθονὸς
945 536 986 575 ἂμ
1010 537 1096 576 φυτὰ
1121 537 1211 578 βαίνῃ

194 586 358 624 Πληιάδας
382 586 530 625 φεύγων,
554 586 626 618 τότε
649 587 686 625 δὴ
711 587 832 626 ςκάφος
856 587 914 618 οὐκ
937 587 981 618 ἔτι
1005 587 1137 619 οἰνέων·

196 637 272 668 ἀλλ’
295 637 398 675 ἅρπας
421 647 453 668 τε
478 638 705 676 χαραςςέμεναι
728 638 776 668 καὶ
800 640 907 676 δμῶας
930 638 1078 677 ἐγείρειν,

197 687 329 727 φεύγειν
353 689 387 719 δὲ
411 688 552 726 (κιεροὺς
577 689 700 720 θώκους
724 689 773 719 καὶ
796 689 849 720 ἐπ’
872 690 920 727 ἠῶ
945 692 1053 721 κοῖτον

111 744 161 768 575
194 738 261 779 ὥρῃ
285 739 320 770 έν
344 738 481 777 ἀμήτου.
506 738 559 770 ὅτε
583 740 614 770 τ>
637 740 744 777 ἠέλιος
768 740 850 778 χρόα
873 741 1000 780 κάρφει·

198 791 353 827 τημοῦτος
378 790 522 821 ςπεύδειν
546 791 595 821 καὶ
619 790 726 822 οἴκαδε
749 792 873 830 καρπὸν
897 791 1034 830 ἀγείρειν

195 840 316 879 ὄρθρου
339 840 564 879 ἀνιςτὰμενος,
586 841 640 873 ἵνα
663 853 711 873 τοι
736 842 801 881 βίος
825 842 932 881 ἄρκιος
956 842 1012 881 εἴη.

198 945 235 974 R.
259 945 298 974 D.
344 955 373 974 v.
398 946 468 974 568.
493 943 654 983 ὀρθρογόη
680 951 709 975 et
732 944 874 984 ὀρθοβόη
983 957 1011 976 ν.
1037 944 1108 977 576.
1133 946 1257 984 καρπὸν

111 1004 232 1032 αγινειν

178 1098 210 1123 L.
229 1098 261 1121 V.
298 1106 323 1121 v.
343 1098 401 1124 565,
420 1097 514 1128 ἤματα
534 1098 586 1123 ΜΤ
639 1098 672 1129 δὴ
692 1098 739 1122 OT
787 1097 822 1129 ῥὰ
841 1098 919 1123 ΜΟΤ
988 1107 1012 1124 v.
1024 1101 1082 1125 566.
1102 1099 1257 1132 ἀρκτοῦρος

111 1140 143 1156 ex
163 1131 321 1163 ἀρκτοῦρον
340 1131 385 1162 (m.
404 1132 427 1162 Ι)
448 1132 470 1155 O
524 1131 674 1164 προλιπὼν
695 1140 727 1156 ex
746 1133 895 1163 προλιπὼν
915 1133 957 1162 (m.
979 1134 1017 1163 11)
1038 1142 1098 1158 corr
1116 1135 1144 1159 M
1179 1133 1257 1166 ἱερὸν

111 1174 153 1191 om
172 1167 200 1190 M
253 1165 322 1197 ῥοὸν
346 1164 424 1197 ἱερὸν
443 1167 552 1191 inverso
572 1166 665 1190 ordine
686 1167 708 1190 L
796 1174 820 1190 v.
840 1167 898 1191 567.
925 1168 1025 1198 πρῶτα
1044 1168 1073 1192 Μ
1125 1167 1257 1200 ἀκροκνέ-

109 1206 192 1231 φαιος
212 1208 245 1224 ex
265 1198 458 1231 ἀκροκνέφεος
477 1209 511 1225 m.
530 1201 673 1226 recentiss.
693 1201 720 1224 M
742 1199 935 1232 ἀκροκνέφαιος
955 1202 972 1225 S
992 1200 1184 1233 ἀκροκνέφεος
1203 1209 1222 1235 p

109 1243 134 1259 v.
147 1234 205 1258 568.
225 1232 309 1258 τόνδε
328 1234 410 1266 LSap
430 1234 515 1265 τήνδε
530 1242 547 1264 μ
566 1234 618 1259 τὸν
637 1234 700 1259 δεΤ
746 1241 797 1265 μετ
816 1242 834 1265 μ
854 1234 918 1265 μετ’
933 1235 950 1259 S
995 1235 1118 1267 ὀρθογόη
1131 1237 1255 1269 MuLlSp

110 1269 186 1293 Proc.
205 1267 346 1299 ὀρθρογόη
367 1268 464 1300 reliqui
483 1269 524 1298 (in
543 1269 565 1292 Τ
586 1277 618 1292 ex
637 1267 731 1299 ὁρθογ.
751 1269 822 1299 corr)
894 1269 972 1300 Apud
992 1269 1095 1294 Sm'dam
1114 1270 1255 1302 ὀρθρογόη

110 1302 212 1326 dieitur
230 1301 362 1332 χελιδώνε
384 1302 419 1326 cf.
440 1303 522 1333 Elym.
544 1303 580 1326 Μ.
597 1311 621 1334 p.
635 1303 693 1332 631,
707 1304 737 1326 4:
756 1302 894 1334 ὀρθογόη,
914 1302 930 1333 ἡ
951 1303 1080 1334 μεγάλως
1099 1305 1254 1335 θρηνοῡςα·

110 1336 126 1364 ἢ
146 1335 203 1360 ὑπὸ
221 1335 274 1360 τὸν
295 1335 397 1367 ὄρθρον
417 1335 528 1367 ἠχοῡςα.
549 1335 681 1361 Ἡςίοδος.
713 1336 754 1360 Cf.
775 1337 887 1368 Hesych.
908 1341 934 1361 et
955 1338 1028 1363 Phoc.
1048 1346 1073 1362 v.
1094 1337 1257 1370 ὀρθογόη.

111 1370 194 1402 Etym.
216 1370 280 1394 Gud.
300 1378 326 1402 p.
340 1371 457 1401 433‚38:
474 1369 614 1402 δρθογόη,
635 1370 651 1401 ἡ
672 1370 799 1401 χελιδὼν,
820 1370 836 1401 ἡ
857 1370 914 1395 ὑπὸ
933 1371 985 1395 τὸν
1005 1371 1108 1403 ὄρθρον
1127 1373 1256 1402 γεννῶςα

110 1403 249 1435 (γοῶςαῗ)
273 1403 318 1428 καὶ
342 1403 394 1428 οὐκ
418 1403 559 1436 ὁρθοβόην
583 1403 622 1429 ὡς
641 1403 723 1429 τινές.
744 1405 848 1434 Quibus
868 1405 938 1429 adde
958 1406 1107 1430 Proculum:
1132 1406 1254 1438 ὀρθογόη

111 1437 141 1463 δὲ
159 1437 176 1468 ἡ
197 1437 317 1468 χελιδὼν
336 1437 379 1462 διὰ
398 1438 451 1463 τὸν
471 1439 569 1469 μῦθον,
595 1438 626 1463 ὅς
645 1445 729 1469 φηςιν
748 1437 839 1469 αὐτὴν
857 1438 901 1463 διὰ
920 1439 973 1470 τήν
992 1439 1087 1471 λύπην
1107 1440 1183 1472 ᾄδειν
1201 1440 1256 1472 τὴν

110 1471 272 1503 Φιλομήλαν
296 1471 381 1497 οὖςαν
406 1471 544 1502 Ἀττικήν.
579 1471 703 1497 Πλάτων
727 1471 756 1497 δὲ
783 1471 867 1497 οὐδὲν
885 1473 959 1498 ζῶον
978 1473 1160 1505 λυπούμενον
1180 1474 1256 1499 ἅδειν

110 1505 203 1537 φηςίν,
223 1504 289 1530 οὐδὲ
308 1505 398 1536 αὐτὴν
417 1505 471 1535 τὴν
490 1505 619 1536 χελιδόνα
638 1506 682 1531 καὶ
700 1506 754 1537 τὴν
773 1505 879 1537 ἀηδόνα
899 1507 943 1531 καὶ
962 1507 1015 1532 τὸν
1034 1507 1136 1533 ἔποπα.
1157 1500 1190 1533 Τί
1204 1508 1255 1533 οὖν

109 1539 163 1564 ἔδει
177 1539 275 1564 καλεῖν
293 1539 384 1570 αὐτὴν
404 1539 557 1572 ὀρθογόην;
579 1539 602 1564 εἰ
616 1540 651 1571 μὴ
665 1539 718 1571 ἄρα
739 1539 940 1566 ὈΡΘΟΒΟΗΝ
956 1541 1107 1573 γραπτέον,
1120 1542 1158 1567 ὥς
1171 1550 1255 1568 τινες.

143 1573 298 1604 πανδιῴνίς
311 1574 332 1597 Τ
377 1572 453 1605 ῶρθο
464 1574 495 1604 Τ,
506 1575 554 1598 sed
567 1581 582 1605 ρ
595 1575 623 1598 in
637 1582 691 1599 ras.
746 1582 770 1600 v,
782 1575 839 1599 569.
854 1574 1044 1606 ἀνθρώποιςῑν
1056 1575 1114 1607 (sed
1128 1584 1144 1600 ν
1157 1580 1256 1608 postea

111 1605 213 1639 add)M
249 1607 329 1638 ἔαρος
341 1608 381 1638 Μ,
401 1608 450 1632 sed
468 1608 579 1632 litterae
598 1607 620 1639 ἐ,
634 1615 660 1640 α,
673 1616 698 1640 ρ,
714 1615 726 1633 ς
745 1609 773 1632 in
792 1616 845 1632 ras.
867 1609 1034 1641 additaeque
1052 1613 1150 1642 postea
1190 1610 1255 1636 νέον

109 1642 146 1672 Μ,
166 1641 214 1666 sed
228 1641 281 1666 litt.
296 1649 321 1672 ν,
335 1640 356 1672 ἑ,
371 1649 387 1665 ν
406 1641 433 1665 ἰιι
453 1649 504 1666 ras.
526 1642 691 1674 additaeque
705 1646 817 1682 'postea
837 1642 903 1667 νέον
922 1651 962 1676 pr.
974 1651 1035 1675 om.,
1055 1644 1108 1668 add
1122 1648 1219 1677 postea
1232 1646 1254 1669 L

142 1701 167 1716 ν.
178 1693 236 1717 570.
255 1692 309 1724 τὴν
324 1700 356 1716 ex
369 1692 421 1717 τὸν
442 1693 486 1722 (m.
499 1692 537 1725 11)
552 1702 613 1718 corr
623 1694 649 1717 M
668 1675 719 1718 τδιν
739 1701 757 1724 μ
827 1693 1029 1725 περιτεμνέμεν
1052 1696 1080 1719 M
1106 1696 1151 1725 (m.
1171 1696 1195 1723 Ι)
1217 1702 1254 1727 pp

109 1725 312 1757 περιταμνέμεν
335 1727 433 1758 reliqui
459 1726 530 1757 (cum
552 1729 578 1752 M
603 1736 636 1751 m.
655 1728 694 1757 ΙΙ)
720 1727 869 1759 περιτέμεν
891 1727 969 1752 οἴνας
993 1729 1061 1752 citat
1085 1729 1152 1753 Lex.
1177 1730 1255 1754 Vind.

110 1769 135 1792 p.
159 1761 203 1784 161
224 1760 332 1786 Nauck.
397 1760 436 1785 ὡ(
456 1769 489 1785 ex
510 1761 532 1785 ὡ
552 1762 596 1791 (m.
617 1762 699 1793 post.)
719 1763 746 1786 M
820 1769 846 1786 v.
866 1763 924 1787 571.
945 1761 1056 1787 ὁπόταν
1075 1763 1256 1788 MBLlSTam

110 1793 198 1818 ὁπότ’
216 1793 250 1818 ἂν
270 1795 370 1825 reliqui
422 1794 538 1825 ἄμφυτα
557 1796 599 1827 Lp
619 1794 755 1826 ἀμμφυτὰ
774 1796 796 1819 O
816 1795 849 1819 ἂν
868 1795 945 1826 φυτὰ
964 1802 982 1828 1»
1002 1796 1037 1826 ἂμ
1056 1796 1133 1827 φυτὰ
1150 1797 1198 1829 Ml)
1218 1797 1255 1827 ᾶμ

110 1827 187 1858 φυτὰ
206 1829 228 1852 Τ
247 1827 363 1859 ἀμφυτὰ
382 1828 481 1860 reliqui
552 1828 630 1860 βαίνη
651 1838 683 1853 ex
703 1828 807 1860 βαίνειν
827 1830 870 1859 (m.
891 1830 971 1861 post.)
998 1838 1058 1854 corr
1075 1831 1102 1854 M
1127 1830 1213 1861 βαίνει
1232 1832 1255 1856 Τ

109 1860 171 1892 βαίῃ
190 1868 209 1894 p
229 1862 267 1892 (iu
280 1870 333 1886 uno
349 1862 407 1886 cod.
422 1863 474 1886 add
487 1870 528 1893 γρ.
543 1862 634 1894 βαίνῃ)
704 1871 729 1889 v.
743 1865 801 1887 572.
821 1862 872 1888 οὐκ
885 1862 926 1888 ἔτι
939 1863 962 1888 Τ
980 1863 1075 1889 οὐκέτι
1089 1865 1186 1896 reliqui

109 1904 135 1922 v.
149 1897 208 1920 573.
227 1895 258 1921 τὲ
277 1896 355 1920 MLT
391 1896 589 1927 χαραεςέμεναι
602 1898 638 1925 Τ,
658 1897 706 1921 sed
721 1904 733 1922 ε
748 1905 786 1929 pr.
801 1905 834 1921 ex
849 1898 967 1928 σοι-τμη
985 1899 1032 1929 αἳ)
1053 1897 1222 1930 χαράςεεμεν
1235 1905 1253 1930 p

142 1929 238 1959 δμῶας
251 1938 284 1954 ex
297 1929 378 1960 δμῶα
392 1930 436 1958 (m.
449 1931 531 1962 post.)
546 1932 572 1955 M
591 1930 686 1963 δμῷας
701 1931 723 1961 Q
793 1939 818 1956 v.
830 1932 887 1955 574.
907 1929 1004 1963 κοίτην
1022 1933 1091 1964 LNp
1162 1942 1186 1957 v.
1197 1934 1254 1957 575.

109 1962 218 1994 ἀμήτου
238 1964 293 1996 lQp
312 1962 422 1995 ἀμητοῦ
441 1964 541 1996 reliqui
578 1964 626 1989 ὅτέ
644 1965 674 1989 τ’
691 1966 712 1989 Β
749 1964 843 1995 ήὲλιος
856 1965 884 1989 Μ
919 1964 1013 1997 κάρφῃ
1033 1973 1090 1998 μορ
1161 1967 1254 1992 v.576.

110 1996 216 2028 ἀγινεῖν
236 1998 359 2028 QVeuet.
381 2000 402 2029 l,
417 1999 432 2022 ‘2
452 1998 515 2022 Gal.
534 1997 655 2030 ἀγείρειν
674 1999 774 2031 reliqui
843 2007 869 2024 v.
887 2001 944 2024 577.
964 1999 1050 2032 ὄρθου
1069 2001 1116 2032 Mp

178 2090 207 2115 C.
228 2090 259 2116 C.
295 2099 321 2117 ν.
340 2092 399 2117 574.
420 2090 470 2116 ἐπ’
489 2090 543 2122 ἠόα
562 2091 623 2123 conj
639 2092 759 2118 Ger-hard
776 2093 851 2117 lectt.
866 2093 956 2125 Apoll.
970 2101 994 2125 p.
1011 2094 1067 2123 145,
1088 2094 1184 2118 κοῖτον
1204 2092 1254 2119 ἐπ’

109 2123 152 2155 ἠῶ
173 2125 299 2156 Goeulz'ny
368 2133 392 2150 v.
412 2126 461 2150 575
480 2133 519 2157 sq.
541 2124 599 2157 ὥρῃ
619 2125 650 2150 ἐν
668 2125 790 2158 ἀμήτου·
811 2126 859 2152 ὅτε
878 2127 907 2151 δ’
925 2126 1018 2157 ἠέλιος
1037 2127 1106 2158 χρόα
1126 2126 1234 2159 κάρφει,

108 2159 251 2189 τημοῦτος
269 2157 397 2184 ςπεύδειν
416 2160 563 2191 distinguit
582 2160 654 2184 Guiet
724 2169 749 2185 v.
767 2162 824 2186 576.
844 2163 899 2193 >ζ-
919 2161 1006 2192 Spolm
1087 2169 1112 2186 v.
1131 2163 1188 2187 577.
1209 2161 1251 2194 εἴῃ

112 2200 125 2216 e
145 2191 207 2223 conj
226 2193 369 2217 Hermanm'
389 2193 422 2218 ed
443 2194 568 2226 Goeteliny
