1561 2413
644 120 851 142 PRAEFATIO.
1261 122 1323 144 xm

178 194 331 235 prodatur
354 195 513 236 vestigiis,
537 207 574 226 ea
598 198 632 226 ut
655 196 755 227 cuivis
778 196 812 226 in
829 196 938 227 oculos
964 197 1143 238 incurrant,
1167 197 1229 227 nisi
1253 198 1324 237 quis

179 246 211 277 iu
234 248 423 286 perpetuum
448 247 604 277 caecutire
628 247 688 277 sibi
712 247 924 288 proposuerit.

259 313 340 344 Tum
369 314 490 355 majore
523 315 691 345 intervallo
728 315 821 345 unius
856 326 965 345 vorsus
1000 315 1139 355 spatium
1174 316 1322 356 explente

172 365 255 404 ipsos
282 375 388 396 versus
416 365 560 405 separavi
589 376 658 405 eos,
694 366 749 406 qui
780 365 869 396 nullo
904 365 1083 396 sententiae
1113 367 1322 397 verborumve

175 415 302 446 vinculo
338 416 421 447 inter
455 428 488 447 se
523 416 687 457 conjuncti
721 428 788 447 esse
824 415 1015 446 viderentur.
1070 415 1138 446 Hm·
1174 417 1321 448 instituto

174 467 320 507 inprimis
344 467 463 507 optime
487 467 666 498 consulitur
688 467 726 497 iis
753 468 888 506 Operum
911 466 1071 507 partibus,
1096 478 1173 507 quas
1189 468 1323 507 simmlis

166 518 342 557 proverbiis
370 520 515 549 constare
543 517 582 548 ad
610 518 790 559 argumenti
819 517 1062 548 similitudinem
1087 518 1319 559 verborumque

171 568 366 599 vibrantium
396 568 618 609 repetitionem
644 568 768 599 collatis
792 568 836 599 K.
862 567 963 599 Lehrs
987 568 1107 608 primus
1130 568 1211 599 vidit
1234 569 1319 599 lucu-

174 619 337 660 lenterque
361 619 600 650 demonstravit
648 619 683 650 Id
712 619 812 660 igitur
835 619 893 649 viri
925 619 1123 660 sagacissimi
1152 620 1318 650 inventum

171 681 233 710 quo
258 670 373 701 clarius
404 670 577 710 unicuique
606 672 743 710 pateret,
776 670 956 710 exemplum
981 670 1049 709 ejus
1072 672 1199 701 secutus
1223 671 1318 701 etiam

172 721 242 761 ipsa
270 721 326 752 illa
354 721 462 761 rerba,
493 732 572 762 quae
603 721 712 752 eadem
741 720 874 751 diversis
904 721 938 750 in
968 721 1145 760 proverbiis
1176 721 1318 761 redeunt,

174 772 307 803 diductis
330 772 440 803 liffcris
463 772 669 812 exprimenda
692 771 809 802 curavi.

254 848 421 879 Postremo
438 849 471 879 in
488 849 597 889 paucis
614 848 804 889 quibusdam
828 847 922 888 locis,
946 847 1000 878 ubi
1016 858 1066 878 res
1084 850 1173 878 extra
1189 859 1315 879 omnem

169 898 401 929 dubitationem
439 899 544 939 posita
582 899 763 939 videbatur,
802 899 941 929 diversae
980 899 1166 929 recensionis
1203 909 1312 929 versus

169 949 269 990 signis
285 952 308 987 (-
330 951 362 980 et
386 950 407 985 D
433 949 546 990 positis
571 949 717 988 distinxi,
742 949 775 979 in
791 949 892 980 multo
915 948 1062 989 pl'uribus
1085 948 1165 979 mihi
1188 949 1316 989 quidem

169 1000 245 1031 satis
268 1000 463 1041 manifestis,
494 1000 548 1031 sed
571 1000 608 1031 de
633 1000 747 1041 quibus
770 999 901 1040 „adhuc
925 999 983 1030 sub
1002 999 1110 1040 judice
1134 999 1173 1030 lis
1197 1002 1315 1041 esset“,

168 1050 252 1082 idem
274 1051 378 1083 facere
407 1051 516 1091 omisi,
546 1062 586 1082 ne
609 1051 740 1082 alterius
769 1051 869 1091 partis
894 1051 926 1081 in
950 1050 1154 1082 restituendis
1179 1053 1210 1082 et
1233 1051 1314 1082 ordi-

168 1102 281 1133 nandis
297 1101 465 1133 Hesiodeis
489 1104 660 1143 occupatae
684 1102 883 1143 provinciam
906 1101 986 1132 mihi
1008 1101 1076 1142 ipse
1098 1102 1314 1142 praeripuisse

167 1163 326 1193 arguerer.

251 1220 319 1252 Hac
342 1221 450 1263 igitur,
475 1232 570 1262 quam
594 1221 761 1262 descripsi,
785 1221 908 1252 ratione
932 1220 965 1251 id
980 1231 1030 1251 me
1048 1220 1187 1251 effecisse
1210 1231 1312 1261 spero,

167 1274 202 1303 ut
229 1272 410 1313 legentibus
436 1271 602 1313 judicandi
640 1272 822 1313 negotium,
857 1283 929 1303 cum
963 1271 1060 1302 verba
1090 1272 1160 1312 ipsa
1193 1272 1313 1304 intacta

166 1323 368 1363 retinuerim,
403 1334 533 1364 prorsus
566 1323 729 1364 integrum
763 1323 891 1364 quidem
922 1322 1083 1363 relictum,
1122 1322 1177 1353 sed
1210 1323 1312 1364 signis

165 1373 229 1404 illis
245 1373 400 1414 adpositis
416 1374 517 1405 multo
541 1374 738 1405 commodius
761 1373 920 1404 redditum
943 1373 993 1404 sit.
1030 1372 1154 1404 Eodem
1177 1374 1311 1405 consih'o

165 1423 318 1465 adscripsi
348 1427 571 1455 CRIT1CORUM
601 1427 854 1455 CONJECTURAS
883 1435 949 1455 non
979 1423 1122 1465 quidem,
1153 1427 1312 1466 quotquot

166 1485 300 1516 usquam
323 1478 465 1516 exstant,
497 1476 628 1507 omnino
652 1486 778 1515 omnes,
809 1476 864 1506 sed
892 1477 1000 1506 tamen
1024 1486 1232 1517 quaecimque
1256 1476 1311 1507 ali-

165 1537 229 1566 qua
251 1537 289 1557 ex
312 1529 401 1567 parte
430 1526 614 1557 viderentur
641 1529 697 1557 aut
726 1526 820 1557 utiles
843 1529 899 1557 aut
921 1526 1080 1557 notabiles
1104 1537 1181 1557 esse.
1228 1526 1310 1558 Con-

165 1576 249 1607 sulto
273 1577 307 1607 in
336 1577 374 1608 iis
405 1578 498 1608 omisi
527 1578 692 1609 Soetbeeric'
716 1577 855 1618 Gruppii
882 1580 978 1618 atque
1000 1577 1185 1609 Hermmmi
1207 1577 1309 1609 Theo-

164 1628 280 1668 gonjae
303 1628 338 1659 in
360 1628 508 1669 strophas
533 1628 777 1670 distinguendae
801 1628 984 1667 conamina,
1001 1639 1082 1668 quae
1099 1628 1209 1659 critico
1226 1639 1309 1660 com-

164 1679 320 1709 mentario
349 1678 435 1710 haud
462 1679 554 1710 facile
584 1676 683 1710 inseri
716 1679 913 1720 potuissent,
948 1679 1002 1710 sed
1032 1690 1068 1710 ea
1095 1679 1241 1720 pluribus
1271 1679 1308 1711 de

164 1729 267 1760 causis
291 1730 367 1760 satis
390 1730 612 1761 memorabilia
634 1731 667 1761 in
688 1730 785 1771 hujus
802 1731 902 1771 ipsius
918 1730 1128 1771 praefationis
1144 1730 1309 1762 Addemlis

164 1780 268 1811 inesse
302 1780 389 1811 volui
423 1781 457 1812 in
490 1782 619 1812 brevem
655 1781 850 1822 plenumque
884 1784 1090 1822 conspectum
1127 1783 1306 1822 contracta3

164 1831 310 1862 consulto
334 1832 430 1863 etiam
452 1843 538 1863 meas
562 1833 661 1873 ipsius
685 1832 923 1864 emendationes
943 1832 1144 1873 paucissimis
1167 1833 1307 1873 exceptis

164 1892 230 1913 non
253 1883 514 1923 commemoravi,
544 1883 695 1924 quoniam
718 1883 769 1914 his
793 1883 832 1914 ad
855 1883 987 1914 alteram
1011 1882 1160 1914 editionis
1182 1886 1305 1923 partem

163 1933 362 1965 condendam
389 1945 505 1965 usurus
534 1945 613 1965 sum.
658 1934 771 1975 Neque
801 1945 915 1975 operae
943 1934 1081 1975 pretium
1112 1934 1305 1975 putavimus,

163 1984 278 2024 quibus
310 1985 388 2016 locis
422 1984 599 2016 editionum
633 1986 699 2016 sive
733 1985 952 2026 antiquiorum
987 1986 1052 2016 sive
1090 1985 1305 2016 recentiorum

162 2034 316 2066 lectiones
346 2046 364 2066 a
392 2038 503 2066 nostra
539 2036 724 2067 recensione
758 2036 988 2076 discreparent,
1030 2046 1084 2066 eos
1119 2046 1304 2067 enumerare

163 2096 289 2125 omnes,
313 2086 368 2117 sed
391 2086 536 2117 sufficere
558 2086 726 2118 videbatur
741 2098 779 2117 ex
795 2087 859 2117 illis
875 2086 1003 2127 quidem
1019 2086 1167 2125 Aldinae,
1185 2087 1303 2127 quippe

163 2147 242 2176 quae
271 2137 383 2168 ceteris
411 2138 485 2168 fons
513 2139 608 2177 atque
639 2138 730 2179 origo
764 2138 902 2177 exstitit,
937 2138 1095 2179 integram
1128 2138 1303 2180 scripturae
