1561 2413
678 106 883 129 PRAEFATIO.
1299 106 1346 128 VII

208 184 256 215 Ex
283 183 497 215 bibliothecae
520 183 649 214 latebris
673 183 830 223 protraxit
853 183 925 214 Alb.
950 183 1119 222 (Juethius,
1144 182 1233 213 cuius
1255 183 1348 214 bene-

210 234 366 266 volentiae
396 234 600 265 collationem
629 233 738 265 debeo.
783 233 948 274 Scriptura
976 236 1048 274 post
1074 245 1102 265 v.
1127 234 1187 265 775
1215 233 1349 264 evanida

208 288 263 316 est.
302 285 340 316 In
364 286 426 316 fine
449 285 601 326 leguntur
624 296 673 316 vv.
692 284 858 316 744—828
881 295 976 315 manu
1001 285 1176 315 recentiore
1199 284 1347 325 suppleti.

292 336 342 367 Ad
359 335 414 375 Μμ
437 335 581 376 proximo
604 336 725 366 accedit
741 335 782 376 B,
806 335 942 376 scriptus
964 346 991 366 a.
1011 334 1101 375 1281,
1126 337 1159 366 ut
1182 335 1348 366 annotatio

205 387 304 418 codici
334 387 453 417 inserta
480 386 647 427 significat.
692 386 858 417 Nonnulla
880 385 1023 425 exhibet,
1058 396 1138 426 quae
1161 386 1230 425 jam
1254 386 1349 417 inter-

206 438 358 478 polatoris
393 448 522 468 ina-num
554 437 708 478 produnt:
747 437 801 467 sed
835 437 868 467 in
900 437 1083 467 universum
1113 448 1129 467 a
1160 436 1348 477 corruptelis

204 488 405 530 gravioribus
428 488 508 519 liber
531 490 586 519 cst.
633 487 769 519 Scholiis
793 490 886 519 caret.
911 487 1042 518 Contuli
1058 498 1098 518 m.
1115 487 1197 517 Iulio
1214 498 1241 518 a.
1258 487 1347 518 1867.

287 539 407 570 Eadem
431 539 615 570 recensione
637 539 785 570 nituntur
808 538 897 570 codd.
914 537 1093 569 Florentini
1110 537 1246 578 LossbR,
1269 548 1348 579 quos

204 592 259 621 aut
279 591 422 631 integros
445 592 500 621 alut
522 590 639 630 partim
662 590 792 621 contuli.
837 589 875 620 In
892 588 916 620 L
933 589 1009 620 folia
1033 588 1189 620 nonnulla
1212 600 1230 619 a
1252 600 1348 620 manu

203 641 321 672 saeculi
345 640 432 672 XVI.
462 641 609 681 suppleta
637 642 727 681 sunt3
757 640 839 671 hanc
862 639 979 670 codicis
1002 641 1125 680 partem
1153 639 1289 680 neglexi.
1322 643 1347 679 β,

203 692 256 733 qui
280 691 363 722 lectu
387 691 526 722 difficilis
550 693 611 731 est,
636 702 735 732 usque
759 691 798 721 ad
822 702 849 721 v.
874 690 951 731 298,
977 689 1025 721 bR
1048 701 1147 731 usque
1171 690 1210 721 ad
1234 701 1262 721 v.
1290 691 1348 721 173

203 742 339 783 contuli,
364 741 389 773 O
414 744 517 773 totum
541 742 672 773 excussi.

289 792 458 825 (lodicibus
475 792 689 833 MpBLOssbR
704 792 835 833 adjunxi
852 791 990 832 lQNVS,
1007 803 1143 833 quorum
1161 792 1348 823 collationes

202 844 374 885 Lennepii,
399 844 573 875 Salvatoris
597 843 724 885 Cyrilli,
748 843 882 874 Braunii
899 845 930 874 et
946 842 1102 884 Koechlyi
1126 854 1223 884 opera
1244 843 1347 875 factae

201 897 285 926 sunt.

284 945 344 976 His
367 945 516 976 subsidiis
539 945 714 976 instructus
737 956 791 975 eos
815 944 939 975 codices
954 963 996 967 —
1010 944 1198 985 praesertim
1214 944 1249 975 F
1249 945 1346 977 loren-

201 996 312 1038 linos-³)
335 1015 390 1036 —‚
426 996 480 1037 qui
515 997 637 1027 textum
671 986 743 1035 plus
776 995 921 1026 minusve
959 997 1145 1036 corruptum
1184 995 1345 1036 exhibent,

201 1058 392 1088 quamquam
416 1058 435 1078 a
458 1058 507 1077 me
538 1046 672 1078 collatos
700 1046 1001 1087 praetermittendos
1031 1046 1151 1087 putavi.
1176 1065 1216 1069 —
1240 1045 1346 1087 Speci-

200 1109 273 1129 men
302 1098 496 1129 recensionis
525 1097 691 1128 deterioris
715 1097 808 1128 offert
830 1097 856 1128 T
879 1097 1104 1139 (Turicensis),
1134 1108 1229 1138 quem
1252 1097 1345 1128 annis

202 1149 292 1179 1868.
320 1149 399 1179 1869
423 1149 554 1180 contuli.
599 1148 769 1179 Praeterea
791 1159 889 1188 penes
912 1159 962 1179 me
986 1150 1061 1179 sunt
1083 1148 1271 1179 collationes
1295 1160 1344 1180 co-

199 1199 277 1230 dicis
301 1198 441 1231 Gotham'
463 1199 502 1230 ab
526 1199 711 1231 Eberhardo
741 1199 867 1230 tractati
897 1200 928 1229 et
956 1198 1072 1230 codicis
1103 1199 1209 1231 Veneti
1231 1199 1345 1230 Deme-

200 1250 253 1281 trii
277 1249 461 1290 Trjcli11ii¹),
486 1261 523 1280 ex
547 1250 636 1280 euius
659 1249 799 1280 editione
822 1250 964 1280 recensio
989 1249 1161 1290 depravata
1184 1250 1343 1291 originem

199 1301 298 1332 duxit.
336 1300 427 1332 Hanc
451 1301 637 1341 opinionem
660 1300 728 1332 11.1.
752 1311 810 1341 pro
834 1300 928 1331 huius
952 1300 1102 1332 editionis
1125 1301 1251 1332 ratione
1275 1303 1343 1332 tan-

199 1351 362 1382 tummodo
387 1351 558 1383 indicatam
581 1352 644 1382 alio
667 1351 738 1383 loco
762 1352 887 1382 firmare
911 1351 945 1382 in
967 1353 1074 1382 mente
1097 1353 1154 1383 est.

281 1402 320 1433 In
346 1403 375 1433 Τ
374 1403 524 1443 Ιιεοῃοηὶα
548 1403 592 1433 eis
615 1402 763 1433 subsidiis
787 1413 861 1433 usus
889 1413 974 1442 sum,
1005 1413 1084 1443 quae
1114 1403 1177 1434 iam
1205 1404 1244 1434 ab
1272 1403 1343 1434 aliis

198 1453 323 1494 prolata
346 1453 478 1489 erantfi'l
516 1453 658 1483 Primum
683 1453 787 1484 locun]
811 1455 899 1484 tenet
915 1453 1076 1484 Mediceus
1098 1453 1212 1484 tertius
1236 1454 1343 1494 (nobis

198 1503 260 1545 M),
285 1504 420 1535 collatus
443 1516 462 1534 a>
485 1503 696 1545 Goettlingio.
721 1522 761 1525 ——-
785 1504 812 1534 A
838 1503 947 1535 tabula
976 1506 1088 1535 nostra
1110 1505 1154 1544 (p.
1178 1504 1212 1544 3)
1242 1515 1342 1535 remo—

198 1554 319 1585 vendus
357 1557 405 1585 est
439 1554 537 1585 codex
573 1554 847 1594 mendosissimus,
888 1554 1088 1595 Goettlingio
1119 1554 1189 1594 Ml,
1224 1555 1342 1596 quippe

197 1605 251 1645 qui
275 1605 314 1635 ab
338 1605 401 1635 alio
424 1605 532 1636 codice
555 1604 743 1636 Florentino
767 1604 969 1645 (Lau1-.-Bad.
993 1616 1024 1636 n.
1048 1605 1141 1645 2823,
1164 1606 1198 1647 2)
1222 1605 1342 1637 deriva-

197 1658 247 1686 tus
270 1659 326 1686 est.
366 1654 457 1692 Quod
480 1667 545 1687 non
569 1656 668 1687 sensit
692 1656 925 1697 Goettlingius,
950 1667 1143 1696 quamquam
1167 1656 1234 1697 ipse
1258 1656 1341 1687 codi-

196 1717 267 1737 cum
301 1706 525 1748 plerorumque
560 1707 826 1738 conferendorum
864 1707 967 1748 gratia
1004 1707 1123 1737 diutius
1157 1706 1340 1738 Florentiae

196 1757 422 1797 versabatu1·.⁶j)
468 1757 559 1788 Alius
588 1757 702 1797 codex,
732 1769 749 1788 a
778 1757 937 1789 Dorvillio
967 1757 1101 1788 collatus
1125 1760 1157 1788 et
1179 1757 1340 1789 Mediceus

196 1807 389 1848 appellatus,
412 1807 507 1839 hodie
531 1807 564 1838 in
587 1808 790 1839 bibliothecis
813 1808 1009 1840 Florentinis
1032 1819 1098 1839 non
1121 1810 1232 1839 exstat.

263 1927 287 1958 3)
307 1925 377 1951 Sunt
395 1925 435 1950 hi:
455 1925 543 1951 XXXI
562 1929 586 1957 5,
599 1926 687 1952 XXXI
706 1929 746 1957 23,
766 1926 853 1952 XXXI
866 1929 907 1952 24.
922 1942 951 1946 -—
966 1927 1116 1953 Praeterea.
1134 1926 1241 1960 inspexi
1260 1926 1339 1953 codd·

194 1968 295 1995 XXXII
313 1970 345 1994 36
364 1968 393 1994 et
410 1967 511 1993 XXXII
530 1970 570 1999 41,
589 1968 711 1994 omnium
730 1969 959 1997 mendosissimos.

261 2012 287 2043 4)
307 2010 417 2037 Contuli
436 2019 530 2037 mense
548 2011 675 2044 Augusto
694 2020 718 2037 a.
739 2014 812 2038 1869.

263 2056 289 2084 5)
309 2052 385 2079 Haec
402 2061 467 2086 pars
486 2053 615 2079 editionis
634 2055 746 2080 nostrae
764 2053 819 2080 iam
839 2062 863 2080 a.
886 2057 950 2080 1866
969 2054 1097 2080 absoluta
1116 2054 1184 2080 erat.

261 2098 287 2126 6)
307 2094 399 2121 Codex
419 2098 494 2127 2823,
512 2099 527 2121 2
546 2103 600 2121 non
619 2095 744 2122 diversus
763 2104 823 2123 esse
842 2096 954 2123 videtur
972 2097 1007 2123 ab
1027 2105 1060 2123 eo
1080 2105 1162 2131 quem
1181 2089 1341 2131 Lennepius'

195 2137 490 2164 Schellershemianum
509 2138 597 2164 voca-t.
