1561 2413
326 120 385 153 108
809 121 976 148 ΗΣιοΔοΤ

324 210 373 234 405
445 205 537 237 οἷκον
559 205 615 244 μὲν
638 206 796 244 πρώτιετα
817 205 951 243 γυναῖκά
972 216 1005 237 τε
1028 206 1107 245 βοῦν
1129 205 1161 237 τ’
1183 205 1338 244 ἀροτῆρα,

323 261 373 285 407
412 257 554 296 χρήματα
576 256 612 287 δ’
634 256 679 288 εἰν
703 256 780 297 οἴκῳ
804 256 902 289 πάντ’
924 256 1044 295 ἄρμενα
1067 257 1265 295 ποιήεαεθαι,

408 308 447 346 μὴ
472 307 506 338 (ὺ
529 307 585 345 μὲν
609 308 695 348 αἰτῇ(
718 307 834 344 ἄλλον,
859 307 877 337 ὃ
903 307 936 338 ἰ)ὃ
958 307 1104 345 ἀρνῆται,
1129 307 1163 338 εὐ
1187 308 1222 338 δὲ
1243 309 1338 348 τητᾷ,

408 357 428 395 ἡ
451 357 483 388 δ’
508 357 574 396 ὥρη
598 357 840 397 παραμείβηται,
864 357 974 398 μινύθῃ
998 358 1032 389 δέ
1047 368 1097 388 τοι
1121 357 1225 396 ἔργον.

322 411 373 437 410
402 408 477 447 μηδ’
501 407 730 448 ἀναβάλλεεθαι
753 408 785 440 ἕε
806 409 837 440 τ’
860 407 972 448 αὔριον
996 408 1028 440 &c
1050 408 1082 440 τ’
1105 408 1252 448 ἔννηφιν·

322 504 372 528 406
407 516 436 520 —-
457 498 573 535 κτητήν,
594 498 627 526 οὔ
646 498 781 534 γαμετήν,
800 497 819 534 ἥ
838 510 879 531 τις
898 500 945 527 καὶ
966 501 1066 534 βουσὶν
1085 500 1189 533 ἕποιτο,

389 588 421 612 L.
434 588 465 611 V.
499 595 524 612 v.
538 587 597 611 405.
617 584 696 611 οἷκον
716 594 748 611 ex
767 585 847 611 οἶκον
866 586 907 617 (ut
924 585 1042 618 videtur)
1063 595 1123 611 corr
1135 587 1163 610 M
1197 588 1314 617 γυναῖκα
1327 585 1358 612 τὲ
1371 586 1424 611 ΜΟ

326 621 393 652 βοῦν
411 620 488 652 ἀροτ.
507 621 557 644 ΜΒ
628 628 652 644 v.
670 621 726 644 406.
752 620 832 644 Hunc
851 628 958 645 versum
982 621 1128 644 manifesto
1148 628 1200 644 uon
1220 621 1288 652 legit
1306 621 1459 646 Aristoteles

323 655 406 680 Polit.
424 656 437 679 Ι
457 656 484 685 1,
504 656 519 679 6
539 654 575 685 (ρ.
596 653 679 677 125211
698 656 712 678 9
732 654 801 685 sqq.)
826 653 856 678 ἐκ
881 654 931 684 μὲν
954 653 1006 678 οὖν
1024 654 1138 679 τούτων
1156 655 1216 678 τῶν
1234 653 1283 679 δύο
1302 655 1459 678 κοινωνιῶν

324 689 386 719 (τοῦ
406 687 516 719 θήλεω(
536 687 580 712 καὶ
599 686 712 716 δούλου)
732 686 804 712 οἰκία
818 687 917 719 πρώτη
938 688 982 712 καὶ
1001 688 1091 719 ὀρθῶς
1111 686 1232 713 Ἡείοδο(
1252 687 1314 712 εἶπε
1333 687 1457 719 ποιήεαε,

323 722 444 747 «οἶκον
464 721 521 751 μὲν
541 720 728 752 πρώτιετα,
742 721 887 751 γυναῖκά
905 728 954 752 τε,
970 722 1049 752 βοῦν
1068 721 1290 753 τ’ἀροτῆρα·>>·
1305 721 1382 752 ὁγὰρ
1394 720 1458 752 βοῦς

323 756 389 780 ἀντ’
401 754 512 780 οἰκέτου
530 756 589 780 τοῖς
607 754 722 786 πένηείν
741 754 822 780 ἐςτιν.
841 755 944 781 Oecon.
959 756 1013 786 1‚2‚
1031 758 1042 779 1
1059 754 1094 787 (p.
1107 757 1185 780 1343·
1202 757 1232 780 18
1251 755 1321 786 sqq.)
1342 754 1410 786 μέρη
1429 755 1458 780 δὲ

324 788 410 814 οἰκίας
429 788 580 820 ἄνθρωπός
599 796 629 813 τε
649 789 693 813 καὶ
707 788 799 820 κτῆείε
814 788 894 814 ἑετιν.
919 789 978 814 ἐπεὶ
992 788 1021 813 δὲ
1034 790 1150 820 πρῶτον
1163 788 1192 813 ἐν
1205 790 1262 814 τοῑ(
1276 787 1427 819 ἑλαχίετοιε
1440 788 1457 819 ἠ

322 823 404 854 φύειε
417 822 533 848 ἑκάετου
547 823 702 853 θεωρεῖται,
722 823 766 847 καί
780 823 843 854 περὶ
857 821 943 848 οἰκίας
956 822 989 847 ἂν
1003 821 1107 853 ὁμοίω(
1120 822 1190 853 ἔχοι·
1210 822 1281 848 dicre
1295 824 1346 847 καθ
1355 822 1361 830 ³
1373 821 1459 847 Ήείο-

322 857 372 882 δον
391 856 447 882 δέοι
465 856 499 881 ἂν
517 855 652 887 ὑπάρχειν
671 855 790 881 «οἶκον
809 857 939 887 -βοῦν
958 856 989 880 τ’
1007 856 1194 888 ἀροτῆρα»
1216 856 1250 881 τὸ
1270 856 1320 887 μὲν
1337 855 1389 887 γὰρ
1407 857 1459 888 τῆς

322 892 431 922 τροφῆς
447 891 573 922 πρῶτον,
588 890 622 914 τὸ
638 889 666 914 δὲ
680 891 740 914 τῶν
751 889 917 921 ἐλευθέρων,
934 890 1004 915 ὥετε
1014 889 1070 915 δέοι
1081 890 1114 914 ἂν
1123 890 1159 915 τὰ
1168 890 1232 921 περὶ
1242 890 1296 920 τήν
1305 891 1356 922 τῆς
1366 897 1458 920 γυναι-

323 925 372 950 κὸς
391 923 500 955 ὁμιλίαν
517 923 748 955 οἰκονομήεαεθαι
766 925 859 949 καλῶς
877 924 931 955 „ab
946 924 1147 956 exemplaribus
1166 924 1326 956 quibusdam
1341 924 1459 955 antiquis

323 959 447 982 abfuisse
467 958 606 989 perspioi‘*
626 966 658 981 ex
678 958 822 982 Philotimo
842 958 874 982 de
894 958 941 983 vit.
955 960 982 982 et
995 959 1056 982 virt.
1075 958 1125 982 col.
1138 958 1217 986 VIII,
1237 966 1262 990 p.
1275 959 1308 982 46
1328 958 1360 982 ed
1375 958 1458 982 Goell—

322 993 374 1024 liny
397 992 441 1016 καὶ
464 992 526 1016 πῶς
549 991 657 1022 δέχεται
680 991 805 1022 γαμετὴν
823 991 877 1022 ὑφ’
895 990 1020 1016 Ἡειόδου
1042 990 1167 1021 λέγεεθαι
1185 992 1239 1022 τὴν
1257 993 1374 1021 γυναῖκα
1392 992 1458 1016 πολ-

325 1026 384 1050 λῶν
397 1025 442 1050 καὶ
456 1024 624 1056 φαεκὸντων
637 1025 726 1050 αὺτὸν
739 1024 907 1056 γεγραφέναι
926 1031 941 1050 «
949 1025 1055 1057 κτητήν
1074 1024 1107 1049 οὐ
1126 1024 1292 1056 γαμετὴνιι»
1311 1027 1385 1049 recte
1405 1033 1458 1049 mo-

325 1060 385 1084 nuit
400 1060 533 1090 Goetllinq.
553 1059 603 1083 Cui
623 1060 661 1083 rei
675 1067 726 1083 uon
740 1060 842 1089 obstat,
863 1059 932 1090 quod
946 1067 1006 1083 eum
1027 1059 1153 1089 „Timaei
1173 1060 1226 1083 iam
1246 1061 1338 1083 aetate
1358 1059 1458 1083 lectum

324 1101 384 1117 esse
403 1096 430 1117 et
448 1101 495 1124 pro
516 1093 627 1124 antiquo
646 1093 789 1117 habitum⁸
810 1101 842 1116 ex
855 1093 963 1117 Proculi
976 1093 1067 1117 verbis
1081 1092 1129 1117 «οὐ
1143 1092 1216 1123 λέγει
1233 1092 1283 1117 οὖν
1302 1092 1458 1123 παλλακήν,

324 1127 395 1151 ἀλλὰ
420 1126 531 1157 φύλακα
554 1127 606 1150 τοῦ
629 1125 708 1151 οἴκου
732 1126 776 1151 καὶ
799 1127 860 1150 τῶν
884 1127 966 1157 βοῶν.
1004 1125 1106 1157 Μάτην
1128 1126 1179 1151 οὖν
1202 1126 1327 1157 λέγουειν
1352 1125 1378 1151 οἱ
1396 1127 1459 1157 περὶ

324 1160 441 1190 Τίμαιον
463 1159 581 1192 Ἠειόδῳ
604 1159 655 1184 τὸν
680 1159 873 1191 Ἀριετοτὲλην
896 1159 1065 1190 πειθόμενον
1089 1160 1157 1189 μετὰ
1180 1160 1232 1191 τὴν
1254 1161 1305 1191 τῆς
1327 1160 1458 1190 γυναικὸς

323 1194 461 1224 τελευτήν
485 1193 639 1225 Ἑρπυλλίδι
662 1195 783 1218 ευνεῑναι
806 1195 840 1225 τῇ
864 1193 1033 1225 θεραπαίνῃ,
1061 1193 1089 1218 ἐξ
1113 1193 1145 1225 ἡ(
1168 1193 1257 1219 αὐτὸν
1280 1195 1354 1224 (χεῖν
1376 1192 1459 1219 υἱόν»

323 1231 398 1253 reete
412 1236 477 1252 sane
492 1228 627 1252 conclusit
638 1228 726 1251 Ifrmke
739 1228 771 1251 de
785 1228 900 1252 Hesiodi
912 1235 999 1259 operr.
1014 1230 1042 1251 et
1054 1228 1125 1251 dieb.
1137 1236 1162 1259 p.
1173 1230 1195 1253 9.
1232 1227 1328 1252 ἕποιτο
1341 1235 1375 1252 m.
1388 1230 1458 1260 post,

325 1270 358 1286 ex
376 1261 474 1286 ἕποιτο
487 1269 547 1286 corr
560 1261 580 1284 B
599 1261 697 1285 ἕποιτο
709 1262 731 1285 Τ
800 1270 825 1285 ν.
837 1263 894 1286 407.
914 1261 943 1285 δ’
956 1269 988 1285 ex
1008 1260 1037 1285 δὲ
1057 1261 1100 1291 (m.
1114 1262 1151 1292 ΙΙ)
1164 1262 1191 1285 M
1227 1261 1256 1285 ἐν
1274 1268 1293 1293 1)
1361 1269 1386 1285 v.
1399 1263 1457 1286 408.

323 1294 409 1320 αἰτεῖ(
428 1302 447 1327 p
500 1295 516 1319 ὅ
535 1295 601 1319 O'l'a
620 1294 635 1319 ὁ
649 1294 698 1326 μὲν
712 1295 773 1325 (sic)
787 1294 846 1326 ἀρν.
860 1296 967 1319 Gramm.
981 1303 1023 1326 ap.
1037 1295 1118 1321 Uram.
1137 1303 1180 1319 an.
1196 1295 1244 1319 Ox.
1260 1296 1272 1319 I
1285 1304 1310 1327 p.
1324 1296 1379 1320 123.
1415 1294 1460 1326 ἀρ-

323 1356 411 1379 νεῖται
421 1354 472 1379 ΜΒ
484 1354 528 1384 (m.
541 1352 564 1385 1)
578 1354 633 1386 lQp
655 1355 759 1378 Gramm.
771 1363 813 1385 ap.
824 1355 907 1378 Cmm.
921 1354 938 1378 l.
953 1354 970 1378 l.
989 1336 1112 1385 dpvrgirm
1131 1355 1148 1378 S
1167 1353 1282 1385 ἀρνῆται
1294 1362 1325 1378 ex
1336 1353 1459 1385 ἀρνεῖται

324 1397 357 1414 m.
369 1388 403 1412 al.
415 1388 517 1417 (rubro)
532 1388 552 1411 B
572 1387 689 1418 ἀρνῆται
708 1388 805 1419 reliqui
840 1387 901 1412 (υδὲ
920 1388 947 1411 Μ
966 1387 997 1412 (ύ
1016 1388 1045 1413 δε
1066 1388 1087 1412 Ο
1158 1389 1252 1413 v.409.
1271 1387 1288 1417 ἦ
1307 1387 1336 1412 δ’
1349 1388 1371 1411 O
1408 1394 1458 1412 πα-

323 1420 480 1453 ραμείβεται
491 1421 598 1453 MBlTp
636 1421 742 1452 μινύθει
753 1422 779 1445 Μ
791 1421 904 1452 (μινύθη
915 1429 983 1447 corr.
994 1430 1027 1446 m.
1038 1420 1076 1452 11)
1088 1422 1108 1445 B
1120 1421 1163 1452 (m.
1178 1422 1208 1451 Ι.;
1229 1421 1328 1452 μινύθῃ
1342 1429 1376 1446 m.
1388 1424 1458 1452 post.

325 1454 447 1488 [rubroD
459 1455 513 1486 Olp
566 1463 591 1481 v.
601 1457 658 1479 410.
670 1456 706 1486 μὴ
717 1455 746 1479 δὲ
757 1456 796 1486 (ut
806 1455 928 1487 saepius)
936 1456 961 1478 M
976 1455 1011 1486 μή
1023 1455 1052 1480 δ’
1062 1456 1083 1479 Β
1094 1455 1148 1486 μήδ
1157 1455 1162 1462 ’
1172 1455 1253 1486 Etym.
1262 1456 1325 1480 Gud.
1337 1456 1458 1486 p.295,6.

357 1488 539 1519 ἀναβάλεεθαι
558 1490 682 1519 Αηοηῃηι.
701 1490 733 1513 de
753 1489 853 1514 soloec.
873 1497 897 1520 p.
912 1490 958 1513 197
969 1489 1067 1513 Valck.
1112 1489 1150 1513 εἰ(
1164 1488 1260 1520 αὔριον
1278 1488 1306 1513 ἔ(
1319 1488 1350 1512 τ’
1363 1489 1457 1512 Ζοηαν.

324 1532 349 1555 p.
369 1524 442 1548 1155.
462 1522 489 1547 ἐ(
508 1522 538 1546 τ’
556 1521 599 1548 αὔ.
620 1521 648 1547 ἑ(
666 1522 697 1546 τ’
714 1523 735 1547 ἐ.
756 1523 837 1554 Etym.
860 1523 922 1546 Gud.
943 1523 961 1548 1.
981 1523 998 1547 l.
1019 1522 1047 1547 ἔ(
1065 1530 1096 1547 τε
1115 1522 1171 1547 ἔνν.
1185 1523 1211 1546 Μ
1263 1521 1364 1553 ἔννηφι
1381 1522 1457 1546 MBO

324 1557 367 1589 'rp
386 1557 478 1581 Athen.
499 1557 538 1580 III
557 1565 573 1588 p
603 1557 651 1580 100
670 1557 699 1580 B.
718 1557 779 1581 XIV
799 1565 823 1588 p.
838 1557 886 1581 653
906 1557 937 1580 D.
959 1558 1081 1588 Anonym.
1102 1557 1119 1580 l.
1137 1557 1154 1580 l.
1177 1557 1269 1580 Zonar.
1290 1556 1308 1582 l.
1322 1556 1339 1582 l.
1358 1555 1458 1587 ἔννῃφι

325 1598 343 1621 μ
362 1590 444 1622 ἔνηφι
468 1591 561 1614 Pollux·
579 1591 600 1614 1.
620 1591 660 1614 66.
686 1589 769 1621 (ecre)
789 1589 871 1621 ἔνηφι
890 1590 912 1619 Q
938 1589 987 1620 (εἰς
1005 1597 1035 1614 τε
1055 1590 1136 1621 ἔνῃφι
1161 1598 1204 1622 ap.
1224 1589 1317 1621 Gaiss.)
1341 1589 1458 1621 ἔννηφιν

393 1675 421 1699 C.
443 1675 471 1699 C.
508 1676 583 1699 Inter
601 1682 626 1698 v.
645 1675 694 1699 405
713 1676 740 1698 et
758 1675 806 1699 407
826 1682 898 1698 nuuc
917 1674 1066 1706 interponit
1084 1674 1163 1698 Steit:
1182 1682 1206 1700 v.
1226 1674 1373 1704 602—605,
1399 1681 1458 1698 cum

326 1709 390 1733 olim
410 1709 437 1732 in
456 1709 545 1740 priore
565 1707 758 1732 dissertatione
778 1717 802 1739 p.
815 1710 847 1732 20
866 1708 934 1732 haec
953 1708 992 1732 sie
1010 1708 1176 1732 ordinasset:
1196 1715 1220 1732 ν.
1239 1709 1297 1733 405.
1317 1709 1458 1732 407—409.

324 1744 373 1767 453
393 1750 431 1773 sq.
452 1743 594 1766 602—605.
614 1743 754 1766 410—413.
825 1750 849 1766 v.
868 1743 926 1765 405.
946 1742 1009 1771 βοῦς
1027 1741 1057 1766 τ’
1075 1741 1213 1773 ἀροτῆρας
1232 1741 1293 1772 conj
1313 1741 1391 1765 Slcz'tz

324 1784 349 1800 v.
370 1777 418 1800 406
437 1784 491 1799 non
511 1783 571 1800 esse
589 1776 703 1800 Hesiodi
724 1784 756 1799 ex
775 1775 930 1799 Aristotelis
953 1775 1020 1799 locis
1038 1776 1152 1807 primum
1172 1775 1310 1799 intellexit
1328 1775 1456 1805 Murem-³3

326 1817 386 1833 eum
409 1810 497 1833 secuti
520 1811 582 1833 sunt
605 1809 704 1839 Spolzn,
729 1810 775 1840 qui
798 1811 852 1840 >4-
877 1809 1014 1840 praefixit,
1040 1812 1067 1833 et
1087 1809 1224 1840 Goetelz'ny.
1252 1809 1298 1840 qui
1322 1808 1456 1839 adjectum

325 1850 384 1868 esse
403 1851 510 1867 versum
530 1844 634 1867 monuit
653 1843 687 1867 ab
708 1851 753 1873 eo,
780 1843 825 1874 qui
845 1843 914 1866 haec
933 1851 986 1866 nou
1006 1850 1157 1874 congruere
1180 1845 1291 1874 putaret
1309 1850 1368 1866 cum
1388 1842 1458 1866 infe-

324 1877 396 1901 riore
414 1877 549 1908 poematis
569 1878 662 1908 parte,
682 1877 728 1900 ubi
747 1877 780 1900 de
799 1884 882 1900 uxore
896 1876 1020 1900 ducenda
1034 1876 1172 1900 Hesiodus
1189 1876 1356 1908 praecipiat,
1376 1875 1458 1900 Lehrs

324 1913 461 1942 postremo
484 1918 563 1940 „non
582 1910 690 1941 quidem
710 1911 843 1942 originem
867 1910 967 1934 suam“
987 1923 1017 1927 —
1037 1911 1136 1942 quippe
1161 1910 1205 1941 qui
1230 1910 1264 1934 ab
1288 1909 1366 1933 initio
1390 1909 1457 1933 nihil

324 1943 524 1976 significaverit
543 1951 623 1975 quam
643 1952 801 1974 „servam
820 1952 882 1968 non
902 1943 1061 1975 nuptam“
1085 1943 1146 1967 coll.
1166 1952 1190 1967 v.
1210 1944 1258 1967 602
1278 1951 1318 1974 sq.
1338 1955 1367 1959 -
1388 1943 1457 1973 „sed

324 1978 396 2002 huuc
416 1985 494 2009 quem
512 1980 628 2008 occupet
651 1977 739 2001 locum
762 1978 829 2009 ipsis
854 1977 1022 2009 philosophis
1041 1977 1074 2001 de
1094 1977 1200 2001 familia
1219 1976 1360 2000 condenda
1379 1976 1458 2000 dissi-

326 2011 453 2036 dentibus
473 2014 500 2035 et
519 2011 642 2035 diversas
661 2012 815 2035 sententias
834 2011 948 2035 Hesiodi
973 2011 1137 2035 auctoritate
1161 2010 1392 2034 defendentibus“
1411 2010 1457 2033 de-

325 2046 390 2069 bere
409 2046 566 2077 suspicatus
585 2047 627 2069 est
645 2053 669 2076 p.
691 2046 735 2069 191
757 2053 795 2076 sq.
820 2044 911 2075 Ejecit
930 2044 1022 2073 Steitz,
1048 2045 1148 2075 rejecit
1166 2044 1303 2075 Kuppotas
1322 2052 1347 2074 p.
1367 2045 1399 2068 30
1417 2051 1457 2074 sq.

391 2087 417 2103 v.
436 2080 486 2103 405
509 2078 657 2103 secundum
680 2079 811 2102 Lehrsz'um
836 2082 876 2102 est
903 2079 1054 2110 primum.
1084 2086 1108 2103 v.
1127 2079 1270 2102 407—409
1299 2077 1456 2107 alterum,

325 2120 350 2135 v.
369 2114 502 2137 410-413
521 2113 658 2136 tertium
679 2112 820 2142 „continui
840 2112 986 2136 carminis“
1006 2114 1182 2144 praeceptum
1252 2119 1276 2135 v.
1287 2111 1336 2136 408
1350 2118 1388 2143 sq.
1403 2111 1456 2142 >÷-

324 2146 412 2177 Spolzn
