1561 2413
485 141 578 166 EPPA
598 141 659 165 ΚΑΙ
684 141 833 165 ΗΜΕΡΛῘ.
1168 141 1226 171 123

170 227 219 257 καὶ
243 226 319 266 βοὸς
343 225 526 265 ὑλοφάγοιο
550 226 643 264 κρέας
666 226 705 263 μή
729 236 781 256 πω
804 227 966 265 τετοκυίης

170 275 392 315 πρωτογόνων
416 276 448 306 τ’
473 275 610 315 ἐρίφων·
635 275 685 306 ἐπὶ
709 276 740 307 δ’
758 275 876 307 αἴθοπα
900 277 1029 315 πινέμεν
1054 276 1184 313 οἶνον,

170 327 205 359 ἑν
230 330 295 368 ςκιῇ
320 326 490 365 ἑζόμενον,
515 327 730 365 κεκορημένον
754 326 832 365 ἦτορ
856 326 992 365 ἐδωδῆς.

170 377 281 410 ἀντίον
304 377 439 416 ἀκραέος
462 377 616 417 Ζεφύρου
638 378 801 416 τρέψαντα
824 378 1000 417 πρόςωπον

85 434 135 459 595
165 429 306 468 κρήνης
330 429 362 460 τ’
385 428 506 460 ἀενάου
528 429 577 459 καὶ
601 428 801 467 ἀπορρύτου,
831 428 849 467 ἥ
872 430 904 460 τ’
928 429 1101 460 ἀθόλωτος.

171 515 243 553 Τρὶς
269 514 414 546 ὕδατος
438 514 599 553 προχέειν,
623 515 660 545 τό
683 515 717 546 δὲ
740 514 894 553 τέτρατον
917 515 1002 553 ἱέμεν
1026 514 1150 545 οἴνου.

214 600 311 638 δμωςὶ
333 600 368 630 δ’
391 600 580 639 ἐποτρύνειν
603 600 790 638 Δημήτερος
812 599 900 638 ιερὸν
929 599 1027 638 ἀκτὴν

171 651 314 704 δινέμεν
339 650 408 682 εὖτ’
431 650 471 682 ἂν
495 652 607 689 πρῶτα
630 654 718 691 φανῇ
742 652 854 692 ςθενος
878 651 1050 690 Ὠρίωνος

171 689 268 743 χώρῳ
294 712 328 733 εν
352 701 437 733 εὐαέι
460 702 510 732 καὶ
533 702 719 743 ἐυτροχάλῳ
743 703 778 735 ἑν
802 702 908 743 ἀλωῇ·

171 798 208 826 R.
232 797 272 826 D.
317 808 346 826 v.
372 798 442 826 594.
468 794 619 834 εὐκραὲος

155 891 187 916 L
200 889 232 913 V.
265 898 290 916 v
312 891 369 914 591.
390 888 545 920 ὑλοφάχοιο
565 890 586 914 L
640 890 777 922 τετοκύης
797 891 823 915 Μ
842 889 988 916 τετοκυίας
1008 891 1100 922 BLop
1155 889 1232 920 μήπο

86 931 142 948 τετ.
163 932 196 948 ex
216 923 325 955 μήποτε
345 931 436 948 τετοκ.
458 931 516 948 corr
535 925 557 947 T
627 933 651 951 v
672 926 729 950 59⁶2.
751 925 783 957 «ξὲ
803 925 837 949 ad
857 933 941 956 marg.
963 924 1129 956 adscriptum
1148 924 1232 948 habet

87 958 104 982 S
176 958 373 990 πρωτογόνων
396 957 426 982 δέ
445 957 484 988 ἐρ.
503 958 555 986 (sic
574 966 607 983 m.
626 959 662 983 I.-
691 958 721 983 τέ
746 967 794 990 pro
818 959 848 984 δὲ
871 960 962 990 posuit
983 967 1016 983 m.
1036 958 1117 990 post.)
1138 958 1164 981 M

86 1000 110 1016 v.
131 994 189 1017 593.
206 994 265 1025 εκιῇ
284 991 316 1016 δ’
334 991 368 1017 ἑΖ.
388 991 413 1022 (δ
433 992 511 1024 suppl
531 992 639 1024 postea)
657 979 687 1017 M
751 992 787 1018 ἐζ.
808 1001 841 1017 ex
861 992 896 1018 ἑζ.
914 1001 974 1017 corr
992 1001 1027 1017 m.
1048 995 1117 1024 post.
1137 992 1165 1015 M
1184 992 1231 1021 (ἑΖ.

86 1026 208 1050 restituit
226 1035 261 1051 m.
281 1025 426 1056 recentior)
450 1024 584 1056 ἑζόμενον
603 1027 624 1051 T
695 1026 732 1051 ἑὸ.
759 1035 791 1051 ex
815 1026 852 1052 ἐδ.
875 1027 920 1057 (m.
940 1027 977 1055 ΙΙ)
997 1027 1024 1050 Μ
1128 1034 1153 1052 v.
1174 1026 1232 1050 594.

87 1059 220 1091 εὐκραέος
238 1060 361 1092 LlNTap
386 1059 519 1091 εὐκραέος
544 1068 603 1084 corr
623 1068 655 1084 ex
674 1060 791 1092 ἀκραέος
810 1061 830 1085 Β
855 1061 893 1091 (in
912 1062 933 1085 B
954 1069 987 1085 m.
1007 1062 1076 1093 post.
1096 1060 1188 1087 rubro)
1209 1061 1231 1090 Q

87 1093 238 1126 εὐκρατέοε
257 1100 276 1127 p
295 1093 410 1125 ἀκρέεος
430 1100 448 1126 p
468 1093 586 1126 ἀκραέος
607 1102 666 1118 cum
680 1096 731 1119 ΜΒ
746 1095 791 1126 (m.
806 1094 829 1128 1)
843 1095 865 1119 Ο
886 1095 984 1127 reliqui
998 1096 1074 1119 Proe.
1128 1093 1232 1124 ἀνέμου

86 1153 134 1178 pro
152 1144 284 1177 Ζεφύρου
304 1145 352 1170 ISa
370 1144 494 1176 Ζεφύρου
512 1146 543 1174 Τ,
563 1145 612 1169 sed
632 1153 665 1170 ou
684 1154 717 1170 ex
737 1154 797 1171 corr
849 1145 995 1177 τέρψαντα
1014 1145 1036 1170 O
1090 1135 1186 1176 πρόςω
1205 1145 1233 1168 M

86 1178 226 1210 πρόςωπα
245 1187 263 1209 μ
287 1178 358 1212 (sino
378 1179 498 1209 aecem.)
524 1180 573 1209 Qv
591 1182 619 1203 et
639 1180 755 1204 fortasse
774 1186 803 1205 m
888 1188 913 1205 v.
937 1182 994 1205 595.
1021 1179 1111 1211 κρήνη
1130 1186 1150 1211 1)
1203 1179 1234 1203 τ’

86 1216 148 1246 post
171 1213 276 1245 κρήνης
299 1222 342 1238 om
367 1214 434 1238 Plut.
454 1213 549 1237 moral.
570 1222 595 1245 p.
616 1215 664 1238 725
682 1215 716 1238 D.
754 1214 902 1246 Vulgatam
930 1214 1019 1238 firmat
1042 1214 1188 1239 Athen.11
1208 1221 1232 1244 p.

85 1249 116 1272 41
131 1247 162 1271 E.
181 1247 220 1272 XI
239 1256 264 1279 p.
279 1249 326 1272 782
339 1248 371 1272 A.
425 1246 546 1272 ἀεννάου
565 1248 690 1279 MQOTp
711 1247 841 1278 (fortasse
860 1249 898 1279 m)
919 1248 996 1273 codd.
1017 1248 1140 1280 plerique
1154 1248 1233 1271 Auze-

86 1282 145 1306 naei
162 1281 189 1306 11
208 1290 232 1313 p.
252 1283 283 1306 41
304 1282 334 1307 Ε.
360 1280 474 1306 αἰενάου
493 1282 541 1313 Bp
565 1280 668 1306 ἀενάου
692 1282 792 1313 reliqui
815 1283 882 1307 Plue.
902 1282 918 1306 l.
938 1282 955 1306 l.
979 1282 1039 1306 cod.
1058 1283 1081 1306 L
1106 1282 1234 1306 Athenaei

86 1315 103 1339 l.
126 1315 143 1339 1.
161 1315 247 1342 „codd
272 1316 330 1340 fere
355 1323 450 1340 omnes
475 1315 594 1340 eiusdem
618 1316 657 1339 XI
676 1324 702 1347 p.
724 1317 771 1340 782
790 1316 822 1340 A.
892 1315 1039 1342 ἀθόλωτος
1058 1316 1081 1340 L
1151 1316 1232 1339 Hunc

86 1357 194 1374 versum
214 1357 273 1373 cum
293 1352 422 1381 sequente
443 1350 614 1381 coniungunt
633 1358 648 1374 a
666 1350 760 1375 Athen.
781 1351 817 1374 XI
838 1359 862 1382 p.
885 1352 932 1375 782
951 1351 982 1374 A.
1053 1357 1077 1376 v.
1097 1351 1155 1374 596.
1172 1349 1232 1380 τρὶς

86 1382 116 1408 δ’
134 1383 254 1408 fortasse
272 1384 315 1416 Np
336 1383 384 1414 (cf.
404 1384 486 1408 Lenn.
505 1384 533 1407 in
553 1385 710 1414 comment.)
716 1384 759 1450 pb’
776 1385 906 1416 ignorant
923 1385 1021 1415 MuBL
1040 1385 1117 1408 ΡιὌο.
1138 1384 1230 1408 Athen.

86 1417 105 1443 l.
125 1417 142 1442 Ι.
163 1418 238 1442 Phoe.
257 1390 315 1443 lexl.)
350 1419 432 1442 4.40.
452 1418 569 1443 Eustath.
590 1417 625 1441 ad
644 1417 695 1443 Od.
736 1419 839 1447 ,1624
858 1419 900 1442 44.
953 1418 1029 1449 ὕδωρ
1048 1419 1122 1443 Phoc.
1141 1417 1158 1442 l.
1179 1418 1197 1442 l.

85 1450 225 1482 τέταρτον
248 1452 296 1482 Μμ
298 1452 319 1475 Β
329 1426 388 1483 p(m.
409 1453 444 1481 13
468 1451 607 1482 τέτρατον
632 1459 692 1476 corr
714 1460 748 1476 m.
771 1452 854 1484 post.)
879 1452 1025 1493 OlQSTap
1049 1452 1122 1476 Pkot.
1142 1451 1159 1476 l.
1179 1451 1197 1477 l

87 1483 164 1515 ἰὲμεν
182 1459 296 1517 ΜΩΤρμ
301 1486 375 1510 Phor.
394 1485 411 1510 l.
430 1485 448 1509 l.
474 1485 534 1516 (sed
554 1487 613 1510 siue
634 1486 763 1518 accentu)
788 1486 864 1517 ἱέμεν
885 1495 916 1510 ex
942 1484 1017 1516 ἱέμεν
1037 1494 1096 1510 corr
1115 1486 1136 1509 L
1156 1484 1232 1515 ἱέμεν

86 1519 188 1551 reliqui
240 1519 318 1544 olvoc
337 1519 365 1544 lS
385 1519 467 1544 οἶνον
486 1520 560 1544 ΡΙιοι.
579 1519 596 1543 l.
616 1519 634 1545 l.
723 1528 748 1546 ν
768 1522 825 1546 597,
844 1519 1020 1552 ἐπωτρύνειν
1038 1526 1057 1552 p
1111 1518 1189 1551 ἱερὴν
1208 1520 1230 1549 Q

87 1561 131 1584 ap.
152 1554 232 1579 Lenn.
256 1552 334 1584 ἱερὰν
354 1554 375 1583 Q
397 1562 440 1585 ap.
461 1554 542 1582 Gaisf'.
630 1562 654 1578 v.
674 1555 732 1579 598.
758 1556 875 1586 πρῶτον
899 1555 972 1586 OlSp
1030 1553 1164 1585 Ὠρίωνος
1182 1554 1231 1585 Mp

88 1586 128 1618 ὠρ
131 1586 232 1612 ίωννος
252 1587 273 1611 Β
360 1595 384 1612 v.
406 1589 463 1612 599.
488 1586 563 1612 εὐαέι·
585 1588 643 1613 fere
663 1596 756 1612 omnes
776 1591 815 1615 (in
835 1589 855 1612 B
876 1587 953 1613 εὐαέϊ
972 1597 1005 1613 ex
1025 1587 1100 1619 εὐρέϊ
1119 1596 1180 1612 corr
1198 1596 1232 1613 m

87 1624 156 1652 post
176 1619 268 1653 rubro)
290 1621 371 1653 Etym.
391 1622 428 1646 M.
448 1630 473 1653 p.
493 1622 550 1649 388,
570 1622 611 1646 28.
664 1621 714 1647 ἐϋτ
715 1622 828 1655 ροχάλῳ
849 1622 906 1648 cod.
927 1623 991 1648 Vat
1011 1623 1068 1647 915.
1091 1622 1173 1653 Etym
1195 1622 1230 1647 M

87 1655 104 1679 l.
123 1654 141 1680 l.
161 1654 270 1686 εὐτροχ.
289 1655 389 1687 reliqui
440 1655 519 1687 ἀλωῇ
541 1656 560 1679 B
581 1655 621 1687 (ut
639 1658 757 1688 semper)
777 1658 800 1681 Τ

156 1749 186 1774 C.
206 1748 235 1774 C.
272 1757 297 1774 ν.
317 1749 451 1774 591-595
476 1750 534 1781 „ab
554 1749 610 1774 alio
631 1749 765 1782 rhapsodo
785 1750 872 1774 additi
891 1758 951 1774 esse
972 1749 1123 1775 videntur‘⁴
1145 1750 1231 1775 Goelz-

88 1785 176 1815 linqicn
197 1784 329 1808 Hermann
347 1790 412 1808 vero
431 1786 537 1808 tantum
558 1783 610 1807 duo
630 1783 806 1808 hemistichia
826 1793 849 1809 v.
869 1786 918 1809 592
938 1792 978 1815 sq.
999 1783 1232 1815 ἐπὶ--ἑζόμενον

88 1818 222 1848 abfuisse,
241 1820 297 1841 tum
316 1824 381 1841 vero
395 1826 420 1843 v.
432 1819 480 1842 593
499 1816 679 1849 κεκορημένῳ
700 1820 727 1842 et
739 1826 763 1843 v.
775 1819 824 1843 594
842 1817 977 1849 τρέψαντι
996 1818 1128 1850 scriptum
1147 1818 1232 1842 fuisse

89 1851 123 1876 ab
143 1852 232 1881 initio,
251 1851 416 1882 rhapsodum
436 1859 501 1875 vero
521 1852 612 1875 verbis
626 1851 744 1884 πετραίη
758 1859 789 1877 τε
804 1851 863 1883 ςκιή
878 1852 1011 1876 offensum
1031 1853 1131 1877 omisso
1150 1859 1232 1877 versu

87 1886 137 1911 589
156 1888 183 1910 et
201 1893 227 1910 v.
246 1886 295 1910 588
314 1884 385 1909 ἀλλὰ
403 1884 469 1910 τότ’
488 1884 531 1917 εἴη
551 1886 697 1917 scripsisse
718 1889 745 1910 et
763 1886 939 1910 hemistichia
964 1886 1014 1910 illa
1034 1887 1184 1910 inseruisse
1205 1889 1232 1910 et

88 1921 235 1951 sequentes
253 1919 364 1943 dativos
383 1920 410 1944 in
431 1919 604 1943 accusativos
625 1920 773 1945 mutavisse
798 1920 946 1944 arbitratur
1049 1928 1074 1945 v.
1096 1921 1231 1945 592—596

88 1953 192 1978 delevit
210 1953 289 1978 Steitz
358 1961 384 1978 v.
404 1954 453 1977 594
471 1954 525 1984 >2—
546 1953 632 1983 Spolm
702 1962 726 1978 v.
747 1955 804 1979 596.
824 1954 884 1986 τρὶς
902 1954 929 1978 δ’
949 1953 1050 1979 ὕδατος
1069 1957 1131 1986 post
1151 1954 1230 1978 Grae-

85 1988 143 2018 fium
161 1987 219 2012 fere
239 1994 332 2011 omnes
352 1987 483 2013 editores:
503 1987 577 2018 τρεῖς
596 1986 697 2013 ὕδατος
717 1988 776 2019 conj
798 1989 928 2012 Hermann
949 1991 1061 2013 auctore
1081 1987 1230 2012 casaubono

89 2021 124 2045 ad
142 2021 290 2045 Athen.X1
309 2029 334 2052 p.
346 2022 394 2046 782
406 2021 436 2049 A,
456 2021 496 2045 ita
515 2024 545 2045 ut
564 2021 609 2045 hic
627 2029 723 2046 versus
743 2030 803 2047 cum
824 2023 1006 2047 antecedente
1026 2021 1230 2047 connectendas

89 2055 125 2079 sit
192 2056 327 2080 597-600
345 2055 390 2087 (—
409 2055 440 2080 ἑν
458 2054 589 2085 ἄγγεειν.)
610 2056 914 2086 undevigesimum,
935 2065 960 2082 v.
980 2058 1029 2081 600
1043 2055 1144 2087 (αὐτὰρ
1157 2054 1230 2086 ἐπὴν

88 2088 271 2119 δὴ),601,604
281 2096 320 2120 sq.
339 2089 538 2121 vigesimum
558 2090 699 2114 continent
718 2091 812 2115 Lekrst'
829 2094 1013 2122 praeceptum,
1033 2090 1080 2121 qui
1095 2098 1116 2114 v.
1129 2090 1177 2114 602
1188 2097 1229 2121 sq.

89 2122 206 2154 „faciles
225 2123 259 2147 ad
278 2123 496 2155 intelligendum,
516 2124 539 2147 si
554 2123 608 2148 soh
627 2124 816 2156 spectentur,“
836 2125 888 2149 huc
902 2125 1072 2155 immigrasse
1087 2124 1142 2155 „ob
1157 2124 1229 2148 simi-

88 2156 142 2181 lem
154 2156 269 2181 vocem“
287 2156 386 2182 οἴκου
398 2171 428 2175 —-
440 2156 559 2182 ἄοικον
578 2161 658 2189 putat
727 2167 752 2183 v.
766 2160 824 2184 599.
839 2157 915 2183 εὐαεῖ
929 2158 962 2182 ed
978 2159 1104 2189 Goettliny
1123 2158 1229 2189 Lennep

91 2192 200 2215 auctore
219 2191 402 2216 Friedemanno
423 2192 455 2216 de
476 2194 595 2223 pentam.
616 2200 641 2224 p.
660 2193 709 2216 364
