1561 2413
609 134 806 159 ΘΕΟΓΟΝΙᾹ.

143 225 192 249 ³¹0
225 220 375 258 δεύτερον
399 220 486 250 αὖτις
510 219 628 250 ἔτικτεν
652 218 828 257 ἀμήχανον,
852 219 891 249 οὔ
914 229 940 249 τι
965 219 1098 257 φατειὸν

229 271 384 310 Κέρβερον
409 270 570 309 ὠμηςτήν,
595 269 703 301 Ἀίδεω
727 270 806 301 κύνα
829 269 1080 308 χαλκεόφωνον,

212 321 584 360 ·ῑ’πεντηκοντακε’φαλον,
608 320 739 352 ἀναιδέα
761 330 794 351 τε
815 320 967 359 κρατερόν
991 330 1038 350 τε·

268 372 305 403 τὸ
328 371 434 410 τρίτον
458 372 579 410 ’Ύδρην
603 371 689 402 αὖτις
714 370 857 408 ἐγείνατο
882 371 975 408 λύγρ’
999 370 1117 401 εἰδυῖαν

227 422 390 461 Λερναίην,
415 423 452 460 ἣν
477 423 576 461 θρέψε
599 422 656 453 θεὰ
678 422 876 453 λευκώλενος
899 422 981 459 Ἥρη

143 479 190 503 :315
221 473 364 511 ἄπλητον
387 473 541 504 κοτέουςα
564 473 613 513 βίῃ
636 472 836 513 Ἡρακληείῃ·

228 524 277 555 καὶ
299 524 356 562 τὴν
381 524 436 562 μὲν
460 524 540 554 Διὸς
565 523 631 554 υἱὸς
654 523 791 562 ἐνήρατο
814 523 903 561 νηλέι
925 523 1032 564 χαλκῷ

183 577 205 612 Q
228 574 517 614 Ἀμφιτρυωνιάδης
542 575 597 606 ςὺν
621 574 780 615 ἀρηιφίλῳ
804 574 929 615 Ἰολάῳ,

187 630 207 663 9]
230 626 401 664 Ἠρακλέης
425 626 572 666 βουλῇςιν
596 625 759 664 Ἀθηναίη(
783 624 936 662 ἀγελείης.

269 678 286 714 ἦ
311 677 345 708 δὲ
369 676 641 715 Χίμαιρανὲτικτε
665 677 826 708 πνέουςαν
850 675 1062 714 ἀμαιμάκετον
1086 676 1165 713 πῦρ,

142 734 191 756 321)
221 727 328 765 δεινήν
352 737 384 758 τε
409 727 546 766 μεγάλην
570 738 619 764 τε,
643 726 794 758 ποδώκεά
816 737 849 757 τε
872 725 1026 765 κρατερήν
1049 735 1097 756 τε·

227 780 281 816 τῆς
305 779 336 809 δ’
359 777 397 816 ἦν
421 779 502 816 τρεῖς
526 777 676 817 κεφαλαί,
700 777 752 816 μία
775 778 831 816 μὲν
854 778 1014 816 χαροποῖο
1038 776 1189 811 λέοντος,

228 830 246 866 ἦ
270 830 304 860 δὲ
328 829 484 867 χιμαίρης.
509 829 526 866 ἢ
550 829 583 860 δ’
606 828 718 867 ὄφιος,
741 829 909 867 κρατεροῖο
933 827 1125 865 δράκοντος

145 885 193 907 :5:¹71
224 880 279 918 τὴν
304 880 360 917 μὲν
382 880 531 917 Πήγαςος
556 879 619 911 εἷλε
642 880 690 910 καὶ
713 879 823 910 ε’ςθλὸς
846 878 1118 917 Βελλεροφόντης.

271 931 288 967 ἢ
313 930 347 960 δ’
370 930 431 968 ἄρα
455 930 527 960 Φῖκ’
551 930 652 968 ὀλοὴν
676 931 746 961 τέκε
772 929 965 968 Καδμείοιςιν
989 929 1126 967 ὄλεθρον

227 981 335 1021 Ὅρθῳ
359 980 572 1019 ὑποδμηθεῑςα
597 980 763 1019 Νεμειαῖόν
786 991 818 1012 τε
843 981 973 1018 λέοντα,

226 1031 282 1062 τόν
307 1030 341 1069 ῥ’
363 1032 443 1070 Ἥρη
467 1031 611 1070 θρέψαςα
634 1032 715 1062 Διὸς
737 1032 834 1070 κυδρὴ
859 1031 1041 1069 παράκοιτις

228 1083 390 1118 γουνοῑςιν
414 1082 580 1114 κατέναςςε
606 1082 751 1121 Νεμείης,
775 1082 855 1120 πῆμ’
879 1082 1076 1120 ἀνθρώποις·

145 1137 193 1161 330
223 1132 292 1163 ἕνθ’
315 1132 372 1171 ἄρ’
396 1132 414 1163 ὅ
437 1134 472 1170 γ’
497 1133 622 1164 οἰκείων
647 1132 835 1172 ἐλεφαίρετο
860 1133 942 1172 φῦλ’
966 1132 1160 1171 ἀνθρώπων,

228 1183 406 1222 κοιρανέων
431 1184 566 1222 Τρητοῖο
592 1183 722 1222 Νεμείης
744 1183 798 1221 ἠδ’
821 1184 1028 1215 Ἀπὲςαντος·

232 1233 313 1265 ἀλλά
336 1234 350 1265 ἑ
370 1234 402 1266 'ic
426 1234 576 1272 ἑδάμαςςε
601 1234 666 1274 βίης
689 1234 901 1274 Ἡρακληείης.

212 1339 260 1361 323
279 1333 390 1369 πρόσθε
411 1334 492 1367 λέων,
514 1334 621 1362 ὄπιθεν
641 1334 673 1361 δὲ
694 1332 822 1369 δράκων,
843 1334 932 1369 μέσση
953 1334 985 1361 δὲ
1007 1336 1134 1368 χίμαιρα,

279 1373 376 1402 δεινὸν
396 1372 594 1402 ἀποπνείουσα
612 1374 701 1409 πυρὸς
720 1375 806 1410 μένος
826 1375 1008 1409 αἰθομένοιο.

211 1472 243 1495 L.
257 1472 288 1496 V.
324 1479 350 1497 v.
370 1472 426 1495 310.
446 1470 581 1501 φατεινὸν
601 1477 619 1502 1)
690 1479 714 1495 v.
735 1473 792 1496 312.
813 1470 1120 1503 πεντηκοντακέφαλον
1138 1471 1289 1495 MEOVam

145 1506 228 1529 Srlml.
253 1504 557 1536 πεντηκοντοκέφαλον
576 1505 642 1536 Fcp
662 1506 744 1529 schol.
765 1506 798 1529 ad
819 1506 900 1537 δορὴ,
921 1505 1020 1529 'rx-ach.
1041 1513 1065 1530 v.
1088 1506 1162 1530 1100.
1187 1512 1289 1535 πεντη-

144 1538 354 1570 κοντακάρηνον
374 1538 479 1563 Flor.A
504 1542 530 1562 et
556 1539 674 1563 sonasse
693 1547 718 1565 v.
758 1539 838 1563 Prius
857 1546 888 1564 τε
908 1547 950 1563 om
969 1539 990 1563 F
1071 1547 1095 1564 v.
1116 1540 1174 1563 317.
1196 1538 1290 1569 Ἀμφι-

144 1572 308 1604 τριωνιάδης
328 1576 350 1595 υ
376 1571 618 1603 Ἀμφιτρυωνίδης
637 1579 654 1604 p
759 1581 783 1599 v.
804 1574 861 1597 319.
884 1572 995 1597 ἔτικτεν
1019 1572 1119 1596 lemma
1138 1573 1221 1596 Svlml.

147 1605 294 1631 πνείουςαν
315 1606 397 1636 Etffln.
417 1606 454 1631 M.
473 1615 498 1637 p.
518 1608 558 1631 76,
581 1608 620 1630 13.
673 1605 862 1637 ἀμαιμάχετον
883 1615 898 1630 a
968 1615 992 1631 v.
1012 1608 1069 1632 320.
1090 1605 1239 1631 ποδώκεάν
1258 1614 1289 1630 τε

145 1647 172 1672 p.
209 1641 330 1665 'l‘ertium
350 1647 382 1664 τε
401 1648 442 1664 om
464 1640 484 1663 F
554 1648 578 1666 v,
599 1641 656 1666 321.
677 1641 727 1671 τῆς
746 1640 774 1664 δ’
793 1640 827 1665 αὖ
847 1643 922 1672 τρεῖς
942 1642 968 1664 Μ
1038 1649 1063 1664 ν.
1084 1642 1143 1665 322.
1163 1639 1289 1671 χιμαίρας

144 1675 171 1698 Μ
240 1683 265 1699 v.
285 1675 343 1699 323.
363 1674 443 1698 ὄπιθε
462 1673 573 1705 δράκων
592 1674 619 1697 Μ
640 1674 735 1699 ὄπιςθε
754 1674 794 1705 δρ.
815 1675 930 1706 CEOVp
954 1674 1050 1699 ὀπιςθε
1069 1673 1098 1698 δὲ
1117 1674 1157 1704 δρ.
1178 1675 1220 1705 κί)

145 1707 210 1739 μέςη
230 1709 302 1732 FEO
357 1716 382 1732 v.
397 1709 445 1732 324
459 1716 501 1731 om
515 1708 565 1731 MC
635 1716 660 1731 v.
675 1710 732 1732 325.
752 1707 981 1739 ἀελλεροφόντης
1000 1709 1022 1732 Ε
1076 1716 1100 1732 v.
1115 1710 1172 1732 326.
1194 1707 1289 1731 Φῖκ’ν

146 1745 173 1766 et
192 1750 284 1774 margo
298 1742 319 1765 F
341 1741 433 1772 ΠΦῑκει
444 1742 498 1772 τὴν
514 1740 620 1772 (φίγγα
634 1741 724 1771 λέγειΗ
736 1743 820 1766 Sclwl.
841 1741 922 1773 φίγγ’
935 1743 981 1766 CV
1000 1740 1097 1773 ςφίγγ’
1107 1750 1159 1765 ιιηο
1174 1744 1289 1773 excepto

144 1775 242 1807 reliqui
294 1784 319 1800 v.
333 1777 389 1800 327.
410 1775 524 1806 ’Όρθρῳ
544 1776 644 1799 lemma
658 1776 740 1800 Svlml.
796 1775 934 1806 Νεμεαῖον
948 1783 978 1800 τε
991 1782 1009 1807 p
1080 1783 1106 1800 v.
1121 1777 1177 1801 328.
1197 1775 1248 1799 τὸν
1261 1775 1290 1799 δ’

145 1809 217 1840 Ἥρη
238 1810 302 1834 CVv
355 1809 441 1839 κυδνή
461 1810 522 1841 Fap
592 1817 617 1834 v.
639 1811 696 1834 329.
715 1812 837 1840 γουνοῑςι
856 1811 950 1842 ΡΕΟΙ)
1022 1818 1045 1834 ν.
1066 1811 1123 1834 330.
1142 1808 1172 1834 ἐν
1192 1809 1221 1833 θ’
1234 1817 1251 1833 a

145 1851 170 1868 v.
190 1845 247 1867 331.
267 1844 373 1874 τριτοῖο
391 1849 410 1874 1)
435 1845 550 1874 τρητοῖο
571 1852 586 1868 a
606 1846 632 1867 et
653 1846 763 1868 ceterae
789 1844 847 1868 edd.
869 1846 933 1868 anto
954 1844 1133 1873 Ιίοἶιίηκοηιιηις
1158 1844 1191 1867 de
1212 1843 1290 1868 codd.

146 1877 204 1901 ren.
224 1877 290 1901 nihil
313 1880 420 1901 constat
488 1885 513 1902 v.
534 1879 591 1902 333.
612 1877 765 1902 ὀπλοτάτω
785 1878 807 1901 O
862 1877 958 1909 Φόρκυ
977 1878 1004 1901 Μ
1024 1877 1146 1908 Φόρκυνι
1166 1886 1182 1901 a
1201 1878 1288 1903 Par.F

213 1970 242 1994 O.
258 1969 288 1995 C.
326 1978 351 1993 v.
366 1970 424 1994 312.
446 1970 747 2002 πεντηκοντακάρηνον
763 1973 824 2002 post
842 1971 1021 1996 ΊΗηι-(ιυρίἰιιηι
1041 1971 1098 1995 fere
1118 1978 1211 1994 omnes
1231 1970 1290 1994 edd.

146 2003 302 2036 „Subiungi
326 2006 435 2035 poterat
458 2003 502 2027 hic
526 2011 621 2028 versus
645 2008 675 2028 ut
699 2005 732 2029 ad
756 2005 933 2037 Typhaonem
953 2007 1083 2036 spectans
1102 2005 1194 2028 versui
1213 2004 1291 2028 306&

147 2038 265 2062 Germa-d
334 2046 358 2061 v.
377 2039 434 2062 313.
454 2036 542 2068 λυγρὰ
562 2038 666 2063 Γῑδυῑαν
687 2039 746 2070 conj
767 2039 873 2071 Lennep
943 2047 968 2063 v.
987 2040 1044 2063 315.
1065 2038 1208 2069 ἄπληετον
1229 2036 1290 2068 conj

145 2072 276 2096 Hermann
297 2071 368 2103 apud
382 2072 518 2095 Fraukimn
537 2071 571 2095 ad
590 2072 668 2097 Hom.
688 2073 778 2104 hymn.
799 2072 859 2098 Cer.
871 2074 904 2097 83
973 2081 997 2096 v.
1016 2074 1064 2096 317
1084 2073 1178 2102 unius,
1198 2080 1222 2097 V.
1242 2072 1290 2096 318

147 2105 260 2129 alterius
279 2105 448 2130 recensionis
469 2114 530 2129 esse
550 2105 617 2129 vidit
635 2107 766 2131 Hermann
785 2115 810 2138 p.
832 2108 860 2130 11
933 2105 970 2138 [v.
990 2107 1039 2130 323
1059 2105 1111 2137 sq.]
1141 2106 1290 2137 (‚,impaeti

147 2141 255 2175 sunt,ex
267 2140 346 2163 Hom.
358 2138 381 2163 Ζ
395 2141 439 2164 181
456 2140 525 2171 sq.‘·)
550 2140 627 2170 ll'olf
636 2140 761 2171 Goettliny
781 2141 971 2165 consentiente
986 2141 1133 2164 Her-manno
1204 2147 1227 2163 v.
1241 2141 1287 2165 331

147 2180 185 2203 sq.
204 2171 242 2200 αθ
261 2174 392 2198 Hermann
411 2182 436 2205 p.
456 2175 485 2197 11
