1561 2413
475 130 567 155 EPFA
592 130 653 154 ΚΑΙ
672 129 822 154 ΙΙΜΕΡΑΙ.
1156 128 1214 159 107

159 215 281 253 γυμνὸν
306 217 323 246 δ
340 215 347 226 ³
370 214 497 253 ἀμάεινἼ
522 214 550 246 εἴ
572 213 606 253 χ’
631 213 711 253 ὥρια
735 214 833 245 πάντ’
856 213 1009 254 ἐθέλῃςθα

160 265 237 304 ἔργα
259 265 435 304 κομίζεςθαι
458 266 662 304 Δημήτερος,
686 264 730 296 ὥς
753 275 802 296 τοι
826 265 938 296 ἕκαςτα

163 316 236 355 ὥρι’
259 316 398 355 ἀέξηται,
422 317 461 355 μή
485 327 556 348 πως
579 316 617 347 τὰ
640 316 751 354 μέταζε
775 315 912 354 χατίζων

76 371 125 397 395
155 367 299 408 πτώςςῃς
323 362 512 407 ἀλλοτρίους
536 366 644 398 οἴκους
668 367 717 398 καὶ
740 368 835 406 μηδὲν
859 367 1001 407 ἀνύεςῃς.

203 418 247 450 ὡς
270 419 319 450 καὶ
342 420 400 450 νῦν
425 419 480 450 ἐπ)
503 418 554 456 ἔμ’
577 418 683 456 ἦλθες·
707 418 770 455 έγὼ
794 418 829 449 δέ
853 428 901 449 τοι
925 417 983 449 οὐκ
1007 417 1164 454 ε’πιὸώςω,

161 470 236 501 οὐδ’
259 469 468 509 ἑπιμετρήςω·
492 469 639 508 ἐργάζευ,
664 469 754 506 νήπιε
778 469 900 508 Πέρεη,

162 520 255 560 ἔργα,
278 520 316 551 τά
339 521 370 551 τ’
393 520 588 559 ἀνθρώποιςι
611 520 678 552 θεοὶ
701 520 959 559 διετεκμήραντο.

163 572 203 610 μή
227 581 306 603 ποτε
330 571 385 603 ςὺν
409 572 549 602 παίδεςςι
571 571 694 608 γυναικὶ
718 582 751 602 τε
774 571 874 609 Θυμὸν
899 570 1026 609 ἀχεύων

76 627 126 652 400
155 622 286 664 ζητεύῃς
310 622 418 661 βίοτον
443 623 521 654 κατὰ
544 622 706 659 γείτονας,
731 622 762 653 οἳ
785 623 819 653 δ’
843 622 987 660 ἀμελῶςι.

161 673 206 704 δὶς
230 674 286 712 μἐν
309 673 370 712 γὰρ
393 674 442 704 καὶ
465 673 529 712 τρὶς
552 673 633 712 τάχα
655 673 793 705 τεύξεαι·
817 673 855 711 ἢν
879 673 912 703 δ’
935 672 979 703 ἔτι
1002 673 1122 713 λυπῇς,

160 726 263 763 χρῆμα
286 725 342 762 μὲν
367 724 405 755 οὐ
429 725 571 764 πρήξεις,
597 725 631 755 ςὺ
655 725 688 755 δ’
711 724 824 755 ε’τώςια
846 724 945 755 πόλλ’
968 723 1166 762 ἀγορεύςεις,

162 775 291 814 ἀχρεῖος
316 775 349 806 δ’
371 775 455 807 ἔςται
478 776 585 807 ἐπέων
609 775 716 814 νομός.
747 775 828 806 ἀλλά
852 776 883 806 c'
907 775 1018 812 ἄνωγα

166 826 337 866 φράζεςθαι
360 828 477 865 χρειῶν
500 837 533 858 τε
557 826 643 858 λύειν
669 826 760 865 λιμοῦ
783 827 814 858 τ’
837 826 996 865 ἀλεωρήν.

160 923 197 951 R.
222 922 261 951 D,
307 931 336 951 v.
361 923 432 951 392.
456 920 588 958 ἀμᾶςθαι
674 933 701 949 v.
727 922 798 950 394.
822 920 935 959 μεταξὺ

142 1014 173 1039 L.
194 1014 227 1039 V.
264 1022 288 1041 v.
307 1016 366 1039 392.
385 1013 484 1045 ἀμάειν
508 1022 568 1038 curu
592 1013 720 1038 lemmate
740 1015 844 1038 Proculi
860 1013 1021 1046 MBOIQTp
1041 1012 1132 1045 ἀμάαν
1151 1014 1220 1038 Cert.

75 1048 92 1073 1.
111 1048 137 1078 1.,
162 1048 210 1073 ubi
232 1049 272 1073 sie
296 1048 409 1080 legitur:
441 1048 548 1079 γυμνόν
571 1048 602 1072 τ’
619 1047 724 1078 ἀμάαν,
753 1047 822 1072 ὅταν
850 1047 920 1079 ὥρια
947 1047 1040 1072 πάντα
1068 1047 1220 1072 πέλωνται.

74 1082 192 1113 ἀμᾶςθαι
209 1082 308 1114 reliqui
354 1081 378 1107 εἴ
396 1082 426 1113 χ’
445 1091 477 1107 ex
496 1082 541 1113 ἑχ’
554 1084 584 1106 ut
602 1082 711 1107 videtur
724 1083 750 1106 M
792 1081 885 1106 πάντα
904 1081 961 1106 θέλ.
975 1082 1054 1112 MQV
1122 1090 1147 1106 v.
1163 1084 1220 1107 394.

75 1116 144 1148 ὥρια
164 1116 258 1148 ἐξηται
278 1116 379 1147 (ἕξεται
399 1125 432 1140 m.
450 1116 530 1149 post.)
544 1116 572 1140 M
624 1116 764 1146 ταμεταέὺ
784 1117 873 1148 BVSp
892 1115 927 1140 τὰ
947 1115 1048 1147 μεταζύ
1069 1116 1131 1146 (sic)
1151 1124 1167 1140 a
1185 1115 1221 1140 τὰ

75 1150 178 1181 μεταξὺ
198 1158 259 1175 cum
269 1151 346 1175 MOT
363 1151 471 1175 Proculo
490 1151 590 1182 reliqui
610 1149 651 1178 (ut
670 1150 801 1181 videtur),
826 1150 874 1174 sed
894 1149 991 1180 μέταζε
1010 1150 1112 1174 diserte
1133 1151 1221 1174 citant

75 1185 220 1216 Stephanus
238 1185 265 1208 iu
284 1184 366 1209 Belck.
386 1193 429 1209 an.
450 1185 494 1209 Gr.
509 1193 532 1216 p.
548 1185 597 1209 945
617 1182 811 1215 (ςεςημείωται
829 1183 863 1208 τὸ
884 1183 1006 1214 μέταζε
1025 1184 1157 1215 χρονικὸν
1176 1183 1221 1208 ὄν·

75 1217 201 1244 Ἠείοδος
219 1218 274 1250 «μή
294 1225 356 1243 πως
374 1218 410 1243 τὰ
430 1218 529 1249 μέταζε
548 1216 699 1249 χατίζων»)
720 1221 748 1242 et
766 1219 911 1243 Herodian.
931 1219 995 1249 περὶ
1015 1225 1076 1249 μον.
1087 1218 1141 1243 λέξ,
1153 1227 1178 1250 p.
1189 1220 1221 1242 46

75 1253 114 1285 (p.
136 1254 182 1278 157
201 1253 317 1283 Lehrs):
350 1251 433 1277 οὐδὲν
457 1251 596 1284 ἐπίρρημα
619 1251 663 1276 διὰ
686 1253 737 1277 τοῦ
763 1253 809 1277 αζε
832 1251 1024 1283 ἐκφερόμενον
1049 1251 1094 1277 ἐπὶ
1118 1251 1221 1283 χρόνου

74 1285 210 1317 τέθειται,
239 1285 310 1311 ἀλλὰ
339 1285 426 1317 μόνον
453 1287 488 1311 τὸ
516 1286 639 1317 «μέταζε
663 1285 806 1317 χατίζων»
830 1285 955 1318 (χατίζον
975 1286 1045 1314 cod.)
1116 1295 1142 1310 v.
1161 1288 1219 1311 395.

75 1320 191 1352 πτώςῃς
205 1321 231 1344 Μ
246 1320 388 1352 (πτώςςῃς
402 1329 435 1345 m.
449 1323 531 1353 post.;
551 1319 666 1351 πτώςῃς
687 1321 804 1344 restitut.
823 1322 932 1352 postea)
945 1327 964 1353 p
984 1320 1113 1351 πτώςςῃς
1127 1321 1159 1351 Τ,
1174 1320 1222 1345 sed

74 1387 91 1404 τ
110 1388 143 1405 ex
159 1387 219 1405 corr
234 1380 365 1410 (fortasse
381 1388 414 1404 ex
428 1380 443 1404 λ
458 1380 527 1411 corr)
565 1361 634 1411 nno}
658 1380 684 1411 (ν
704 1388 738 1404 m.
759 1383 829 1412 post.
849 1379 940 1412 suppl)
967 1380 994 1404 M
1047 1379 1151 1411 ἀνύςῃς
1170 1380 1221 1404 ΜΒ

75 1414 145 1446 OTp
215 1422 240 1439 v.
259 1415 317 1439 396.
337 1413 386 1438 ἐπ’
404 1413 451 1445 ἐμὲ
471 1422 503 1438 ex
521 1413 607 1444 ἑπεμὲ
628 1422 687 1438 corr
706 1415 732 1438 M
803 1422 828 1438 v.
848 1415 905 1438 307.
926 1412 959 1438 οὺ
979 1413 1007 1438 δέ
1026 1414 1052 1437 Μ
1124 1415 1220 1438 v.398.

75 1447 263 1479 ἀνθρώποιςοι
283 1455 301 1478 μ
354 1448 413 1473 θεοὶ
438 1449 617 1480 τεκμήραντο
637 1449 658 1478 Q
680 1448 778 1472 lemma
797 1449 875 1472 Proc.
946 1456 971 1473 v.
991 1449 1049 1473 399.
1069 1447 1175 1473 παίδεςι
1194 1448 1222 1472 Μ

141 1483 209 1507 Post
228 1481 349 1507 παίδεςςι
369 1482 414 1506 καὶ
434 1482 554 1506 deletum
574 1486 616 1506 est
635 1483 662 1506 in
683 1482 705 1506 O
784 1491 809 1507 v.
828 1483 886 1507 400.
905 1481 1024 1513 ζητεύῃς
1044 1490 1077 1506 ex
1096 1481 1220 1514 ζητεύεις

76 1524 137 1540 corr
155 1515 178 1540 O
197 1515 323 1548 Ζητεύεις
345 1516 418 1548 S'I'p
437 1516 573 1547 ζητεύςῃε
591 1517 629 1540 IV
647 1515 757 1547 ζητεύει
776 1516 894 1542 Eustatlz.
916 1516 949 1539 ad
969 1516 1001 1541 Il.
1023 1524 1048 1547 p.
1067 1518 1108 1547 96,
1130 1518 1168 1542 10.

75 1548 170 1581 βίοτον
195 1558 227 1576 ex
252 1549 346 1580 βιότον
366 1552 396 1574 ut
414 1550 522 1574 videtur
541 1550 587 1581 (m.
607 1551 646 1581 11)
665 1551 692 1574 Μ
745 1549 866 1580 ἀμελῶςι
885 1550 913 1574 Μ
937 1549 1079 1580 (ἀμελῶςῐ)
1100 1550 1220 1582 BOQTp

74 1583 213 1614 ἀμελώςιν
232 1584 331 1615 reliqui
401 1592 425 1608 v.
439 1585 498 1610 401.
518 1584 548 1609 δέ
566 1591 592 1608 τι
610 1584 638 1608 Μ
658 1584 701 1614 (m.
722 1585 750 1613 1.;
770 1583 852 1608 δ’ἔτι
872 1588 968 1615 postea
988 1592 1048 1608 corr
1066 1593 1099 1609 m.
1119 1585 1157 1614 ΙΙ)
1178 1585 1220 1608 Bs

74 1617 103 1643 δ’
121 1617 167 1642 ἐπὶ
186 1624 205 1650 p
275 1626 300 1643 v.
319 1619 377 1642 402.
397 1617 508 1649 πράξεις
527 1624 546 1650 p
569 1618 695 1643 leeodor.
715 1618 776 1642 Gaz.
799 1627 842 1650 ap.
864 1618 949 1642 Boiss.
969 1626 1004 1642 an
1024 1618 1069 1643 Gr.
1086 1620 1109 1643 V
1122 1627 1147 1650 p.
1162 1620 1219 1642 405.

109 1651 140 1676 ςὺ
160 1652 188 1676 in
208 1659 253 1676 ras
273 1653 368 1684 script.
388 1651 415 1683 (a
430 1660 464 1677 m.
478 1652 516 1683 ΙΙ)
536 1653 564 1676 in
583 1653 610 1676 M
664 1652 750 1677 vrolxR'
769 1652 786 1676 S
841 1651 992 1683 ἀγορεύςῃς
1012 1661 1044 1676 ex
1063 1651 1220 1683 ἀγορεύςεις

75 1693 135 1710 corr
148 1685 170 1710 Ο
190 1684 333 1717 ἀγορεύεις
352 1686 400 1716 Qv
436 1685 463 1710 οἳ
482 1685 512 1711 δὲ
530 1687 558 1710 Μ
577 1685 604 1711 οἵ
623 1686 652 1710 δ’
665 1686 687 1710 O
758 1694 782 1711 v.
795 1687 853 1710 403.
873 1685 986 1717 ἀχρηιος
1006 1688 1028 1709 Ο
1074 1686 1103 1711 δ’
1116 1686 1221 1711 ἔςςεται

75 1727 93 1750 μ
111 1719 140 1744 δ’
158 1719 269 1744 ἔπεςται
288 1726 306 1752 p
360 1719 446 1750 νόμος
465 1721 493 1744 Μ
549 1719 616 1745 ἀλλ’
634 1719 680 1745 ἀς’
698 1719 740 1745 ἄν.
762 1720 778 1744 S
802 1719 867 1744 ἀλλ’
887 1719 903 1744 ἅ
923 1719 950 1744 ς’
968 1719 1010 1744 ἄν.
1030 1726 1047 1752 p
1118 1729 1143 1744 v.
1161 1722 1221 1745 404.

75 1754 177 1785 χρειῶν
197 1762 229 1778 ex
248 1752 351 1785 χρείων
370 1762 431 1778 corr
450 1754 495 1785 (m.
515 1754 552 1785 ΙΙ)
573 1755 600 1778 M
670 1753 747 1779 λύειν
772 1762 805 1778 ex
828 1754 906 1778 λῡςιν
925 1762 986 1778 corr
1005 1755 1050 1784 (m.
1069 1754 1106 1785 ΙΙ)
1126 1755 1154 1778 Μ

74 1787 163 1818 λυμοῦ
183 1788 201 1813 S

145 1863 175 1888 C.
197 1863 227 1887 C.
263 1864 330 1888 Post
349 1872 373 1890 v.
393 1865 442 1888 392
466 1863 594 1889 lacunam
623 1872 696 1894 esse,
725 1865 778 1888 nisi
806 1864 947 1895 „antiqua
974 1864 1058 1889 fuerit
1085 1865 1169 1889 lectio
1194 1865 1221 1889 in

75 1897 192 1923 Hesiodi
205 1900 233 1922 et
245 1898 359 1922 Homeri
373 1899 522 1922 certamine
543 1898 625 1923 ὅταν
644 1898 713 1929 ὥρια
728 1897 821 1922 πάντα
840 1897 1050 1929 πέλωνται,“
1064 1899 1222 1930 suspicatur

75 1932 166 1962 Lelers,
186 1932 233 1963 qui
253 1934 307 1956 tum
328 1934 356 1956 et
375 1934 438 1956 ante
451 1940 477 1956 v.
492 1933 541 1957 393
560 1940 669 1957 versum
688 1932 876 1963 hujuscemodi
895 1931 918 1956 ὧ
932 1931 1040 1964 Πέρςη,
1061 1932 1092 1957 ςὺ
1112 1932 1141 1957 δ’
1154 1933 1221 1964 ἐμῆ(

76 1964 250 1997 μεμνημένος
270 1964 330 1990 αἰέν
350 1965 474 1997 ἐφετμῆς
494 1966 629 1990 excidisse
649 1968 729 1998 putat
748 1974 820 1997 „nec
844 1966 991 1998 quidquam
1016 1967 1117 1991 clarius
1142 1975 1221 1998 quam

76 1999 212 2031 duplicem
227 2000 306 2024 huius
320 2000 394 2024 initii
408 2001 598 2024 recensionem
613 2000 771 2025 coaluisse“
786 2001 813 2024 in
827 2008 851 2024 v.
866 2002 1008 2029 393—404‚
1022 2001 1061 2025 ita
1075 2004 1104 2024 ut
1118 2001 1191 2032 prior
1205 2009 1220 2024 a

74 2041 100 2059 v.
110 2035 244 2058 393-397
263 2033 373 2065 ἔργα-
384 2033 573 2065 ἑπιμετρήςω,
593 2035 729 2066 posterior
743 2042 758 2058 a
771 2043 796 2060 v.
807 2036 943 2059 397—404
961 2034 1075 2065 ἐργάζευ
1090 2048 1118 2051 -
1133 2034 1221 2059 ἀλεω-

75 2066 128 2098 ρήν
147 2068 296 2099 pertineat.
372 2076 397 2092 v.
418 2070 476 2092 393.
496 2068 534 2093 ῶς
553 2075 585 2092 τε
604 2067 705 2092 ἕκαςτα
725 2068 786 2099 conj
805 2068 916 2098 Bentlei,
937 2068 976 2093 ὡς
995 2068 1029 2092 τὰ
1050 2067 1167 2093 Ρέκαςτα
1187 2077 1220 2092 ex

74 2101 154 2126 Hom.
172 2109 189 2132 μ
210 2102 240 2126 16
260 2102 367 2133 Lennep
443 2110 467 2126 v.
487 2104 544 2127 394.
567 2101 666 2132 μέταζε
687 2103 789 2134 primus
807 2103 928 2127 restituit
948 2103 1042 2134 Spnlm,
1064 2103 1110 2133 qui
1128 2103 1219 2127 versui

75 2134 129 2164 >2—
146 2135 274 2166 praefixit
342 2144 367 2161 v.
382 2137 517 2160 396—404
536 2144 584 2168 pro
604 2137 704 2168 spuriis
724 2136 808 2160 habet
828 2136 916 2162 Steitz,
937 2145 961 2160 v.
975 2137 1109 2160 399—406
1129 2137 1221 2161 Het:el

143 2176 168 2193 v.
189 2170 245 2196 396.
265 2168 316 2194 οὐκ
335 2169 375 2194 ἔτι
395 2169 476 2194 δώςιυ
498 2169 558 2200 conj
581 2171 722 2202 Goettliny,
742 2169 794 2195 οὐκ
814 2169 953 2195 ἑπινεύςω
974 2170 1113 2201 Kappotas
1131 2179 1156 2202 p.
1178 2173 1218 2196 30.
