1561 2413
559 117 675 142 ΑΣΠῙΣ
698 117 937 143 ΗΡΑΚΛΕΟΤΣ.
1259 118 1318 149 185

260 203 411 239 τιμῶντες
436 201 540 240 Κήυκα
562 201 659 240 φίλον
682 201 845 240 μακάρεςςι
869 203 974 234 θεοῖςι.

259 254 316 284 τοῦ
339 252 373 283 δὲ
396 251 503 291 τάφον
526 252 576 284 καὶ
599 252 671 290 ςῆμ’
694 251 779 284 ἀιδὲς
802 253 933 290 ποίηςεν
956 253 1114 292 Ἄναυρος

261 302 370 342 ὄμβρῳ
394 302 542 343 χειμερίῳ
565 303 716 341 πλήθων·
740 303 803 334 τὼς
824 303 885 342 γάρ
909 313 961 341 μιν
984 304 1151 335 Ἀπόλλων

261 353 415 392 Λητοΐδης
438 353 550 391 ἤνωξ’,
574 353 622 384 ὅτι
646 353 695 392 ῥα,
718 354 843 386 κλειτὰς
866 353 1039 392 ἑκατόμβας

177 408 229 431 480
262 404 298 436 ὅς
320 413 366 435 τις
389 404 461 441 ἄγοι
484 404 500 427 ἦ·
509 404 664 441 Πυθοῖδε,
690 403 739 445 βίῃ
763 404 894 436 ςύλαςκε
917 405 1072 436 δοκεύων.

242 497 272 521 L.
284 497 315 522 V.
334 505 360 522 v.
373 498 429 522 476.
451 496 545 528 Κύηκα
565 496 603 529 Sp
657 497 758 522 Θεοῑςιν
777 505 793 521 v
863 506 888 522 v.
903 499 961 523 477.
980 498 1063 523 τοῦδε
1084 498 1119 522 Sv
1171 498 1282 530 τάφρον
1297 500 1319 523 V

173 530 266 561 τάφον
277 539 317 554 om
332 537 351 562 ι)
399 529 472 555 ᾰῑδες
483 531 504 554 F
541 530 657 562 πόιηςεν
668 539 684 554 a
736 540 761 556 v.
773 533 830 557 473.
845 532 902 557 τῶς
914 532 958 563 Fp
993 531 1046 563 γὰρ
1066 539 1110 562 μιν
1130 534 1157 557 Μ
1227 542 1251 559 ν.
1261 534 1318 558 479.

173 564 264 597 ἤνωξ’
279 565 299 588 Ε
319 564 395 595 ἦνωξ
409 573 425 588 a
444 564 546 596 ἠνώξει
559 565 656 589 lemma
667 566 750 590 Sehol.
760 565 869 590 Monac.
883 564 957 598 [cod.
970 564 1014 598 91]
1029 566 1104 598 apud
1115 567 1212 592 Harae.
1228 567 1320 592 Catal.

175 599 250 623 codd.
273 599 331 623 ΟΠ.
344 599 470 623 Monace.
489 599 502 622 1
522 607 546 631 p.
561 600 619 624 427.
636 598 732 630 ἤνωγ’
749 599 839 632 ΡμΗρ
858 599 893 631 ῥὰ
912 600 934 624 F
1003 607 1028 624 v.
1047 600 1104 624 480.
1124 600 1186 630 ἄγοι
1206 609 1239 625 ex
1257 600 1317 631 ἄγει

174 660 272 690 postea
292 657 334 687 (ut
352 658 471 687 videtur)
491 666 553 682 corr
571 658 592 682 F
645 657 737 683 Πυθοῖ
755 657 784 683 δὲ
802 659 828 683 Η
847 640 968 683 Πυθὲίδε
988 659 1052 683 Par.
1071 659 1095 683 D
1114 658 1236 684 Πυθῶδε
1256 659 1320 685 Par.

173 692 196 716 G
215 691 337 716 Πυθοῖδε
362 699 421 715 cum
442 700 458 716 a.
477 691 577 724 reliqui
646 691 779 717 ςύλλαςκε
798 700 815 716 ν
840 692 884 723 (ex
904 692 1030 723 ςύλαςκε)
1048 698 1076 724 p.
1103 706 1135 710 —
1162 693 1194 716 In
1218 693 1235 717 S
1258 696 1320 725 post

173 733 199 750 v.
213 727 263 750 480
281 733 325 749 vv.
344 726 480 750 476—480
498 726 609 758 repetiti
630 726 744 750 carmini
763 726 881 750 subiecti
900 730 964 750 sunt
983 726 1020 758 (v.
1033 727 1082 750 476
1102 726 1210 758 Κύηκα,
1230 735 1255 750 v.
1269 728 1318 751 479

173 758 342 790 ἑκατόμβας,
363 759 410 783 sed
430 760 464 790 μβ
484 768 516 784 ex
536 767 603 789 corr,
622 763 652 783 ut
665 759 791 790 videtur).
805 773 837 777 —
852 760 1023 791 Subscriptio
1042 761 1069 784 in
1083 760 1123 784 M:
1143 759 1223 785 τέλος
1243 760 1319 785 ἀςπί-

172 792 219 818 boc
238 793 359 823 ήςιόδου.
396 794 427 817 In
447 794 482 818 F:
501 793 580 818 τέλος
599 793 712 825 ἡςιόδου
730 792 852 819 ἀςπίδος.
888 794 921 818 In
939 794 1017 819 vHa:
1036 793 1117 819 τέλος
1136 795 1187 825 τῆς
1207 794 1319 825 ήςιόδου

172 825 294 852 ἀςπίδος,
330 828 362 852 In
381 827 413 851 S:
432 827 518 858 ςτίχοι
537 823 596 852 υπ’;

240 910 269 936 C.
290 911 319 938 C.
356 920 381 938 v.
400 913 459 937 480.
477 911 600 938 Πυθώδε
620 920 680 937 corr
700 913 827 945 Goettlinq
