1561 2413
209 164 214 169 ·
248 153 297 174 ΧΠ
708 151 914 174 PRAEFATIO.

247 228 502 259 commendatum
525 228 643 260 obelum
664 249 706 254 —
728 227 875 269 praefixi,
899 227 952 258 sed
974 227 1060 268 ipsos
1084 238 1205 268 versus,
1236 227 1298 258 nisi
1321 227 1384 259 alia

247 280 284 309 de
314 290 408 309 causa
435 278 572 319 margini
601 278 790 319 subjiciendi
818 279 936 319 essent,
966 277 1077 309 iisdem
1106 278 1221 309 litteris
1249 278 1383 319 scriptos

246 329 349 359 textui
370 328 493 369 reliqui.
523 328 652 370 ¹Contra
667 329 879 360 recentiorum
895 329 1025 360 uncinos
1047 329 1171 370 aliaque
1194 329 1383 360 athetesium

246 379 284 410 ab
316 379 353 409 iis
381 379 537 410 factarum
567 379 658 421 signa
691 379 812 410 removi
841 379 961 419 omnia,
996 379 1110 419 quibus
1141 379 1286 420 omnino,
1320 379 1383 410 nisi

248 430 408 460 constanti
437 430 593 471 certisque
621 429 745 471 legibus
774 429 941 460 adstrictae
965 429 1036 460 crisi
1066 431 1128 460 tota
1151 430 1291 460 carmina
1312 430 1383 461 sub-

243 480 412 520 jiciantur,
436 491 565 521 prorsus
588 480 670 512 nihil
692 480 859 511 lucramur.

330 548 400 579 Imo
430 549 569 589 mary'im‘
599 550 740 580 minimis
768 558 931 588 expressos
961 547 1071 578 litteris
1099 558 1152 578 eos
1180 558 1289 578 versus
1311 548 1382 579 sub-

241 598 400 637 jiciendos
429 599 553 639 curavi,
582 610 662 639 quos
685 600 724 630 ab
746 599 806 630 hac
829 598 957 638 quidem
985 597 1100 628 horum
1122 597 1298 628 carminum
1320 598 1382 629 col-

247 649 383 679 lectione
407 649 528 680 alienos
550 649 649 680 fuisse
678 652 733 680 aut
759 649 902 680 codicum
931 648 1124 688 optimorum
1146 648 1207 679 fide
1229 649 1280 679 vel
1302 649 1382 679 anti-

245 710 379 739 quorum
413 700 544 730 testium
573 700 761 730 auctoritate
791 700 965 739 constaret,
999 700 1035 729 ut
1064 699 1173 739 Theoy.
1198 709 1226 729 v.
1251 699 1312 730 323
1335 710 1380 740 sq.

246 749 316 780 774.
349 750 438 780 1014.
485 749 574 789 Oper.
599 761 627 780 v.
652 750 700 781 93.
734 750 802 780 120.
834 749 902 780 169.
932 749 1002 780 310.
1033 749 1093 780 317
1117 760 1163 790 sq.
1192 749 1379 781 370—372.

244 799 315 830 378.
332 800 403 830 406.
428 800 488 830 736
498 800 517 830 ¹³.
535 800 596 831 806
606 802 625 831 ¹³.
671 800 758 831 Scutz'
780 811 808 831 v.
826 800 903 840 2993
928 802 983 830 aut
1005 800 1188 830 certissimis
1211 800 1381 831 verborum

244 850 536 891 sententiarumque
564 850 688 881 indiciis
718 852 853 890 pateret,
889 852 925 880 ut
954 850 1064 890 Theo-q.
1090 861 1117 881 v.
1150 850 1218 882 196.
1250 850 1309 882 199
1332 862 1378 892 sq.

243 901 418 932 217—222.
443 901 610 932 807-810
633 901 687 942 (Ξ
711 901 900 942 736—739).
924 900 994 931 964.
1019 900 1194 932 979—983.

327 976 493 1008 Postremo
523 977 623 1007 textui
653 976 780 1017 quidem
809 987 865 1007 suo
894 976 964 1007 loco
993 977 1106 1017 reliqui
1130 977 1184 1007 sed
1206 978 1379 1009 minoribus

243 1028 352 1058 litteris
375 1027 485 1058 excudi
504 1027 586 1067 jussi
610 1027 733 1067 aliquot
755 1038 878 1067 versus,
903 1027 957 1066 qui
980 1029 1015 1057 ut
1037 1038 1055 1057 a
1077 1027 1222 1058 codicum
1244 1028 1379 1059 auctori-

242 1079 306 1108 tate
334 1078 395 1108 tuti
424 1079 468 1109 ita
495 1078 534 1108 ad
562 1078 645 1108 hanc
679 1078 793 1108 horum
822 1077 997 1108 carminum
1028 1077 1173 1118 syllogen
1205 1077 1378 1108 certissime

241 1129 437 1168 pertinentes
467 1131 574 1168 aperte
602 1128 742 1168 produnt
770 1127 869 1168 ipsius
899 1127 1121 1167 compositoris
1144 1139 1273 1158 manum
1297 1129 1377 1169 ejus-

242 1178 327 1209 modi
344 1179 488 1209 emboliis
504 1180 560 1209 aut
575 1178 718 1219 singulas
735 1178 839 1218 operis
863 1178 911 1208 sui
934 1180 1040 1218 partes
1056 1178 1308 1219 conglutinantis
1328 1179 1376 1209 vel

241 1229 470 1260 sententiarum
493 1229 749 1268 narrationisque
772 1228 895 1259 hiatum
911 1228 1081 1268 explentis,
1105 1231 1141 1259 ut
1157 1229 1187 1259 T
1185 1229 1267 1269 11609.
1284 1241 1312 1260 v,
1325 1229 1375 1260 46.

241 1280 290 1310 93.
318 1280 376 1310 114
398 1290 444 1320 sq.
477 1279 535 1310 118
559 1290 604 1319 sq.
628 1279 698 1309 473.
745 1278 834 1318 Oper.
859 1278 878 1309 9
901 1289 946 1318 sq.
970 1279 1115 1309 47—49.
1150 1279 1207 1310 106
1231 1290 1276 1320 sq.
1305 1279 1375 1311 202.

240 1329 301 1368 263
325 1340 370 1370 sq.
400 1330 459 1361 381
485 1340 530 1370 sq.
565 1329 759 1368 561—5633
798 1331 852 1359 aut
889 1329 1062 1360 exornandi
1100 1329 1376 1371 amplificandique

240 1390 335 1410 causa
363 1380 497 1420 aliquid,
526 1379 611 1420 quod
639 1379 721 1410 forte
750 1381 960 1420 succurreret7
989 1380 1171 1419 inserentis,
1201 1382 1236 1410 ut
1266 1381 1374 1421 leeoy.

239 1430 289 1460 48.
309 1430 376 1460 141.
410 1430 498 1469 Opes.
515 1430 578 1460 210
593 1441 638 1470 sq.
663 1429 733 1460 245.
750 1429 820 1460 329.
838 1429 1013 1460 353—355.
1051 1429 1138 1461 Senti
1153 1441 1181 1461 v.
1198 1431 1374 1462 258-260.

240 1480 284 1511 Ut
307 1492 357 1520 ea,
382 1492 476 1521 quam
500 1481 549 1511 his
580 1481 722 1511 versibus
752 1479 897 1519 adhibui,
927 1480 1049 1511 ratione
1078 1480 1122 1511 ita
1149 1481 1244 1511 etiam
1273 1482 1374 1512 tribus

239 1530 324 1569 aliis,
354 1542 434 1571 quae
463 1531 562 1561 textui
586 1530 745 1561 Hesiodeo
769 1530 911 1570 admovi,
942 1530 1090 1561 subsidiis
1119 1531 1150 1561 id
1179 1531 1244 1572 egi,
1274 1534 1310 1562 ut
1337 1532 1374 1562 de

239 1593 275 1612 eo
299 1581 429 1621 ejusque
453 1582 548 1612 variis
565 1581 728 1621 particulis
745 1580 940 1611 commodius
959 1581 1138 1621 judicandi,
1163 1593 1256 1621 quam
1272 1581 1374 1613 adhuc

238 1632 305 1662 fieri
328 1633 467 1672 poterat,
491 1632 671 1673 legentibus
693 1633 858 1672 pararetur
879 1630 1022 1662 facultas.

322 1700 369 1729 Ae
398 1699 535 1739 primum
564 1699 691 1739 quidem
720 1708 864 1729 versuum
891 1700 1044 1739 perpetuo
1068 1699 1260 1730 narrationis
1283 1711 1373 1741 argu-

237 1749 376 1779 mentive
406 1749 459 1780 filo
489 1749 726 1780 cohaerentium
762 1749 906 1790 singulos
937 1750 1061 1780 ordines
1089 1749 1220 1780 distinxi
1249 1751 1308 1791 ita,
1339 1754 1373 1782 ut

236 1799 373 1839 primum
398 1800 550 1840 cujusque
567 1800 687 1830 ordinis
704 1799 894 1830 vocabulum
909 1810 975 1830 non
998 1800 1031 1830 in
1055 1810 1163 1830 versus
1186 1801 1256 1840 ipso
1279 1801 1371 1832 initio

235 1850 418 1890 ponendum
449 1850 502 1880 sed
531 1850 707 1890 paullulum
736 1850 775 1881 ad
803 1850 871 1890 ejus
894 1850 989 1881 finem
1011 1850 1263 1890 promovendum
1286 1862 1372 1882 cura-

236 1910 311 1930 rem.
364 1899 433 1936 Quo
467 1901 613 1931 instituto
648 1901 680 1931 in
714 1900 893 1931 Homericis
927 1901 1119 1931 carminibus
1149 1901 1217 1941 jam
1254 1901 1370 1933 dudum

237 1961 428 1991 quamquam
461 1961 519 1981 nec
553 1952 737 1981 constanter
764 1961 823 1981 nec
851 1952 937 1981 certa
970 1962 1083 1981 norma
1115 1953 1283 1991 usurpato,
1318 1952 1371 1982 sed

237 2001 331 2031 otiam
369 2001 569 2041 longioribus
614 2001 790 2031 dramatum
829 2000 1021 2032 Graecorum
1066 2001 1262 2032 orationibus
1300 2013 1370 2032 cum

237 2061 353 2091 magna
381 2051 556 2092 legentium
586 2050 809 2081 commoditate
838 2051 1025 2082 adhibendis
1054 2051 1085 2082 id
1108 2052 1201 2082 simul
1225 2052 1369 2092 efficitur,

236 2102 285 2139 ut,
302 2111 382 2139 quae
398 2101 513 2131 horum
535 2101 710 2131 carminum
731 2103 837 2141 partes
861 2098 1006 2142 strophis
1024 2102 1090 2132 sive
1113 2112 1260 2132 versuum
1283 2104 1369 2133 certo

236 2160 368 2180 numero
393 2152 636 2191 conjunctorum
660 2151 823 2182 ordinibus
846 2151 1040 2192 compositae
1063 2152 1141 2192 sint⁷
1165 2154 1229 2182 tam
1253 2152 1369 2192 apertis
