1561 2413
249 141 269 162 X
713 139 920 161 PRAEFATIO.

248 217 404 247 tissimum
443 215 581 246 codicem
617 217 653 246 ut
688 215 893 256 praecipuum
930 215 1171 246 fundamentum
1208 215 1385 246 recensioni

250 278 336 298 meae
365 266 504 306 subdidi,
538 277 595 306 pro
626 266 720 297 unico
749 266 919 306 quominus
947 266 1064 297 habere
1096 277 1220 306 possem
1250 276 1384 306 eumque

249 319 304 347 aut
327 328 363 347 ex
393 317 461 356 ipso
491 316 663 357 archetypo
693 316 885 356 descriptum
908 318 963 347 aut
985 327 1185 356 comnnmem
1208 318 1385 347 ceterorum

250 368 373 398 fontem
396 377 570 407 censerem,
600 367 661 398 loci
690 367 766 397 satis
788 367 880 397 multi
904 367 1086 406 obstabant,
1117 367 1171 407 qui
1193 367 1293 398 levius
1316 377 1385 408 gra-

250 417 358 447 viusve
387 418 527 457 corrupti
551 427 587 448 eo
611 418 644 448 in
667 417 773 448 codice
802 417 952 457 leguntur
982 417 1096 457 partim
1126 417 1252 457 quidem
1281 420 1384 458 poste-

251 468 387 498 rioribus
411 468 477 508 ejus
494 468 639 499 manibus
662 468 794 499 correcti
811 467 864 498 sed
881 478 990 498 omnes
1006 467 1076 498 aliis
1099 467 1259 498 codicibus
1282 479 1385 499 emen—

247 519 353 549 datius
383 519 489 549 oblati.
534 518 583 549 Ex
611 518 661 549 his
690 518 788 559 igitur
817 518 977 549 codicibus
1006 529 1073 557 003,
1104 518 1157 548 ubi
1187 529 1266 559 opus
1294 520 1384 559 esset,

246 580 320 609 prae
343 569 455 599 ceteris
481 569 639 609 consului,
664 569 717 609 qui
741 580 814 599 cum
839 568 910 599 aliis
933 569 967 599 in
990 564 1072 599 locis'
1089 569 1290 609 gravioribus
1313 580 1384 599 ean-

248 619 318 650 dem
343 630 412 650 011111
437 619 470 650 M
495 620 648 659 praebent
675 619 863 659 scripturam
886 621 953 650 tum
977 619 1010 649 in
1034 619 1217 649 omittendis
1241 619 1384 650 versibus

247 670 296 700 93.
324 670 576 701 161137043ῖὲ
604 681 675 700 011111
698 680 735 700 eo
758 669 976 709 consentiunt,
1001 680 1191 709 quamquam
1207 669 1241 700 hi
1258 679 1383 709 quoque

250 721 315 751 fere
346 731 470 760 omnes,
505 731 545 750 ne
576 731 595 759 μ
624 720 750 760 quidem
786 721 932 760 excepto,
967 722 1040 760 post
1067 731 1095 750 v.
1125 719 1185 751 736
1214 720 1383 751 manifesto

249 781 355 801 errore
378 771 547 811 repetitum
572 771 691 801 habent
713 781 741 801 v,
766 770 826 801 758
849 772 932 801 recte
956 770 1040 801 infra
1062 781 1118 801 suo
1141 770 1212 801 loco
1234 771 1383 811 positum.

330 855 441 895 Itaque
472 866 543 885 cum
566 866 605 885 ne
631 856 733 894 Opem
756 854 883 894 quidem
906 866 944 885 ex
967 865 1031 885 uno
1062 854 1133 895 illo,
1163 855 1217 895 qui
1246 855 1384 895 optimus

246 907 278 935 et
306 905 441 936 habetur
469 907 501 936 et
529 907 590 945 est,
620 905 726 936 codice
756 905 878 936 restitui
907 905 1031 945 possint
1058 905 1170 936 ceteris
1199 905 1384 945 simpliciter

245 956 413 996 neglectis,
444 956 545 996 magis
570 956 664 986 ctiam
688 955 831 986 codicum
854 957 937 986 certe
960 956 1124 996 puriorum
1147 955 1383 996 comparatione

245 1017 326 1046 opus
349 1008 397 1036 est
419 1006 458 1036 ad
482 1007 511 1036 Τ
511 1007 677 1046 lzcogsomac
700 1008 731 1037 et
753 1006 839 1037 Senti
861 1008 982 1036 textum
1011 1005 1278 1037 constituendum.
1323 1005 1383 1036 Pu-

247 1057 347 1087 riores
371 1058 476 1087 autem
500 1056 569 1087 dico
593 1067 656 1096 eos,
680 1056 733 1096 qui
757 1067 823 1086 non
840 1067 855 1087 e
874 1056 1073 1087 Τνίσῖῖηῖαηα
1095 1056 1278 1087 recensione
1301 1058 1383 1087 recte

244 1119 262 1137 a
285 1107 435 1138 Kinkelio
466 1107 604 1138 indicata
634 1107 869 1147 profluxerunt,
906 1118 1096 1147 quamquam
1125 1117 1164 1137 ne
1194 1106 1227 1137 hi
1256 1106 1382 1146 quidem

245 1156 495 1188 correctionibus
518 1157 882 1197 interpolationibusque
906 1157 1062 1187 immunes
1085 1158 1173 1197 sunt,
1197 1157 1286 1197 cujus
1302 1156 1382 1187 labis

245 1208 370 1249 insigne
401 1208 578 1248 exemplum
609 1207 675 1248 ipse
705 1207 943 1248 antiquissimus
972 1207 1102 1247 praebet
1124 1207 1329 1247 Theogoniae
1352 1209 1384 1238 et

247 1258 335 1289 Scuti
360 1258 457 1288 codex
474 1257 522 1297 M,
547 1258 600 1298 qui
625 1260 671 1288 est
694 1257 905 1288 bibliothecae
928 1257 1160 1288 Laurentianae
1183 1256 1316 1297 XXXII,
1335 1257 1383 1297 16,

241 1309 315 1349 jure
339 1310 506 1348 propterea
535 1310 663 1338 notatus
686 1319 705 1337 a
727 1307 881 1339 Dee‘z‘erslo
911 1308 943 1338 in
972 1309 1139 1338 comment.
1164 1307 1227 1347 „de
1250 1306 1382 1338 Hesiodi

245 1359 325 1390 scuti
344 1359 490 1389 Herculis
507 1358 739 1399 description&
754 1370 783 1399 p.
797 1359 846 1398 33,
869 1358 918 1388 cui
941 1358 1041 1389 codici
1065 1358 1118 1398 qui
1135 1359 1291 1388 vetustate
1314 1357 1382 1397 ejus

246 1410 394 1450 deceptus
418 1420 505 1440 suain
530 1409 701 1440 editionem
725 1411 939 1448 superstruere
964 1408 1059 1439 vellet
1081 1418 1274 1449 magnopere
1298 1418 1380 1438 erra—

245 1462 301 1490 ret.
341 1460 377 1490 In
402 1459 464 1489 illis
488 1462 593 1490 autem
617 1459 777 1490 codicibus
800 1459 958 1499 insignem
981 1461 1089 1489 tenere
1105 1459 1210 1489 locum
1227 1457 1282 1489 CV
1298 1460 1381 1489 recte

247 1511 330 1541 idem
348 1509 524 1540 Deitersius
540 1509 697 1540 intellexit
713 1509 786 1539 ibid.
804 1521 834 1549 p.
850 1509 900 1549 42,
922 1520 1113 1549 quamquam
1136 1520 1175 1539 ne
1198 1508 1230 1539 hi
1255 1508 1380 1549 quidem

244 1561 303 1591 soli
333 1560 498 1590 sufficiunt
525 1559 563 1589 ad
589 1560 709 1600 justam
739 1559 913 1592 carminum
942 1560 1069 1590 illorum
1099 1559 1269 1590 editionem
1293 1559 1381 1590 ador-

244 1611 391 1641 nandam.

333 1695 453 1725 Horum
479 1695 583 1735 igitur,
609 1695 661 1734 qui
686 1694 813 1734 quidem
838 1694 870 1724 in
894 1705 1021 1724 censum
1047 1693 1153 1724 venire
1177 1693 1307 1733 debent,
1331 1704 1379 1723 co-

243 1746 346 1776 dicum
376 1745 565 1775 lectionibus
595 1746 689 1785 atque
719 1744 914 1775 divers-mum
944 1744 1186 1775 scholiasta-rum
1209 1743 1379 1774 notationi—

243 1796 300 1826 bus
325 1796 407 1826 inter
430 1806 496 1825 sese
521 1795 712 1835 comparatis
736 1795 829 1826 verba
845 1795 1001 1826 Hesiodea
1022 1794 1066 1825 ita
1081 1804 1233 1825 recensere
1248 1796 1380 1824 conatus

243 1857 326 1885 sum,
355 1845 621 1885 quemadmodum
650 1846 682 1875 in
713 1845 885 1886 archetypo
916 1845 972 1875 illo
1002 1844 1164 1885 deperdito
1195 1844 1270 1875 olim
1298 1844 1380 1875 lecta

243 1898 363 1927 essent:
393 1896 535 1935 subjecta
558 1898 593 1926 ut
616 1898 851 1925 RECENSIONIS
875 1898 1114 1924 DIVERSITATE
1143 1905 1179 1925 ea
1206 1894 1378 1934 scripturae

243 1946 468 1986 discrepantia,
499 1956 578 1985 quae
602 1948 657 1976 aut
680 1946 713 1976 in
736 1945 909 1986 archetypo
933 1945 988 1976 illo
1012 1945 1080 1985 ipso
1104 1944 1261 1984 adscripta
1283 1944 1378 1975 fuisse

245 1997 402 2027 videretur
438 1998 493 2026 aut
529 1996 645 2026 diserto
684 1995 876 2026 scholiorum
914 1995 1096 2026 testimonio
1127 1996 1292 2027 notaretur
1324 1997 1380 2025 aut

243 2047 448 2086 antiquorum
493 2048 657 2077 auctorum
702 2045 827 2077 disertis
872 2046 1108 2077 laudationibus
1152 2045 1377 2076 contineretur.

243 2096 386 2135 Exclusi,
417 2107 496 2136 quae
525 2098 580 2127 aut
609 2097 720 2136 postea
749 2096 782 2127 in
811 2096 974 2137 archetypi
997 2095 1190 2137 apographis
1213 2095 1378 2135 paullatim

245 2146 511 2186 degenerantibus
535 2146 617 2178 forte
641 2147 770 2178 fortuna
793 2147 842 2177 vel
871 2157 972 2187 prono
996 2146 1153 2186 solitoque
1176 2156 1281 2176 errore
1303 2147 1379 2176 nata
