1561 2413
624 130 830 152 1’1m1-:1⁴'A'1¹10.
1262 129 1294 150 XI

152 210 208 239 aut
232 208 313 239 male
335 206 445 238 sedulo
469 206 613 238 'l'riclinii
644 207 777 238 arbitrio
806 207 931 237 invecta
960 208 1015 237 aut
1038 205 1208 237 memoriae
1232 205 1296 236 lau-

152 258 297 290 dantium
326 257 516 298 scriptorum
546 257 636 298 lapsu
673 259 783 288 exorta
813 257 1011 296 viderentur,
1044 256 1162 288 exclusi
1191 256 1296 295 etiam,

152 321 193 341 ne
217 309 324 340 inutili
348 308 431 339 mole
455 307 722 348 subscriptionem
746 318 927 349 gravarem,
957 318 1164 348 quaecunque
1188 307 1227 338 ad
1250 318 1297 338 or-

152 359 379 401 thographicas
408 359 642 390 controversias
667 359 735 399 jam
760 359 799 389 ab
823 358 963 399 antiquis
994 358 1210 399 grammaticis
1233 358 1298 398 agi-

152 413 234 442 tatas
255 410 468 450 pertinerent,
493 420 686 450 quamquam
709 408 794 440 haud
817 409 957 449 ignarus,
982 411 1102 449 quanto
1127 408 1183 439 has
1206 419 1298 449 cupe-

152 461 219 492 dias
248 472 355 492 amore
385 462 495 491 nostra
524 462 610 491 aetas
639 460 848 491 exosculetur.
894 459 978 491 Satis
1001 461 1049 490 est
1071 459 1108 489 de
1132 459 1181 489 his
1206 460 1298 490 rebus

154 512 288 543 lectores
311 511 350 542 ad
373 511 591 542 doctissimum
615 511 976 552 diligentissimumque,
1007 520 1101 550 quem
1124 509 1224 541 Jacob
1248 510 1300 541 La,

156 563 260 593 lgm-lm
284 562 471 602 inscriptum
496 562 564 602 „dic
579 561 782 593 Homerisc-lw
800 561 972 592 Dama-[tib
995 562 1037 591 [m
1053 560 1250 592 Altcrtlmm“
1272 573 1299 592 a.

156 614 237 644 18⁴5&
254 613 363 652 edidit,
381 613 497 643 librum
521 611 699 653 ablegasse,
724 624 786 652 quo
804 612 884 642 libro
901 622 1109 652 quaecunque
1125 612 1302 642 afferuntur

157 664 194 695 de
221 664 325 694 verbis
341 663 521 695 Homericis
543 663 605 694 hoc
622 663 670 694 vcl
694 663 749 694 illo
773 662 868 693 modo
893 662 1066 693 scribendis
1089 662 1302 702 quaestiones,

153 726 205 746 eas
228 715 324 746 etiam
348 715 381 745 in
404 714 598 745 recensendo
622 713 762 745 Hesiodo
794 713 870 744 011111
896 713 1034 753 jactatas
1063 724 1129 743 esse
1158 724 1225 743 non
1254 715 1299 743 est

154 765 238 807 quod
267 765 456 796 dubitemus.
509 764 618 796 Unum
650 775 687 795 ex
721 764 781 795 hoc
813 774 929 805 genere
964 763 1101 794 breviter
1134 763 1302 794 adnotasse

154 816 272 857 placet,
302 815 336 846 M
360 816 385 846 si
410 816 443 847 in
468 815 518 846 his
546 815 691 846 minutiis
720 817 865 846 accurate
893 815 1057 855 archetypi
1087 825 1217 845 manum
1240 825 1302 845 ser-

154 867 292 907 vaverit,
316 867 385 907 ejus
413 877 510 897 manu
534 868 748 897 consonantes
765 866 830 896 fere
846 876 913 896 non
930 863 1107 906 duplicatas
1124 876 1205 897 esse:
1229 876 1302 897 con-

154 919 276 949 stanter
293 917 378 948 enim
398 917 451 948 ille
469 918 638 956 ἑδα(άμεθ’
656 928 684 948 v:
701 917 751 955 37,
775 917 915 948 νίεονται
938 927 967 946 v.
991 916 1062 955 237,
1086 916 1161 955 με’(η
1185 927 1213 947 v.
1230 916 1302 956 233,

155 969 308 1008 βηεήεντα
331 979 358 998 v.
383 969 463 1007 530,
492 969 619 1009 πτώεῃε
649 979 677 998 v.
701 968 779 1007 395,
809 968 962 1006 ἀρόμεναι
992 978 1020 997 v.
1044 966 1100 1007 22,
1129 967 1303 999 ἐπαινέεειε

156 1030 182 1049 v.
203 1018 240 1049 12
264 1020 295 1049 et
318 1029 399 1059 quae
422 1020 497 1049 sunt
520 1018 637 1049 similia
661 1017 798 1049 exhibet.
829 1017 987 1058 Equidem
1011 1019 1119 1048 tamen
1142 1019 1173 1048 et
1196 1018 1229 1048 111
1252 1017 1302 1048 his

154 1072 186 1100 et
209 1069 242 1100 in
265 1069 335 1100 aliis
359 1069 500 1109 ejusdem
527 1069 655 1110 generis
678 1069 771 1099 rebus
802 1070 962 1109 receptam
986 1068 1249 1099 consuetudinem
1272 1070 1304 1099 et

156 1120 223 1161 ipse
248 1120 393 1159 retinere,
418 1131 513 1160 quam
538 1131 575 1151 ex
598 1119 730 1151 Hesiodi
755 1119 917 1150 codicibus
940 1119 1034 1150 nobis
1058 1121 1141 1150 certe
1164 1130 1248 1150 nova
1272 1121 1303 1150 et

156 1170 285 1202 insolita
308 1170 426 1202 inferre
450 1170 557 1202 malui.

240 1255 277 1286 111
300 1255 412 1286 ceteris
437 1267 511 1286 vero
536 1255 685 1286 omnibus
710 1255 804 1286 rebus
828 1257 928 1295 tanta,
952 1266 992 1285 ne
1010 1254 1135 1286 diversa
1158 1255 1303 1285 commisv

155 1318 257 1338 cerem
281 1306 476 1337 recensionis
493 1308 522 1337 et
541 1306 774 1337 emendationis
798 1306 944 1347 negotia,
968 1305 1124 1347 religione
1148 1305 1302 1336 librorum

156 1358 377 1388 auctoritatem
407 1359 533 1388 secutus
564 1368 650 1397 sum,
681 1359 716 1387 ut
745 1359 857 1387 contra
885 1368 995 1387 eorum
1024 1356 1117 1387 fidem
1141 1356 1191 1387 vel
1215 1362 1303 1397 aper-

156 1408 279 1439 tissima
301 1408 379 1439 vitia
402 1408 587 1439 certissimis
611 1407 793 1448 dudumque
817 1408 961 1438 omnium
985 1418 1143 1438 consensu
1168 1407 1303 1448 receptis

156 1459 346 1500 conjecturis
375 1459 532 1499 expellere
568 1459 658 1489 nefas
689 1458 848 1498 duxerim,
879 1469 1014 1499 quarum
1048 1458 1303 1498 conjecturarum

156 1510 207 1541 hic
231 1509 328 1540 habes
352 1510 480 1546 brevem
504 1509 641 1540 indicem
665 1520 731 1540 non
755 1509 913 1549 omnium,
943 1508 997 1539 sed
1027 1508 1302 1550 gravissimarum:

158 1561 270 1600 Theogs.
288 1571 316 1590 v.
335 1561 404 1591 157.
421 1561 547 1592 ἀνίεεκε.
579 1571 607 1590 v.
624 1560 695 1591 359.
714 1560 854 1598 Χρυεηίε.
900 1571 928 1590 v.
945 1560 1016 1591 373.
1034 1562 1140 1591 θεοῑει.
1186 1571 1214 1590 v.
1230 1559 1302 1590 497.

157 1611 304 1650 ἐξήμεσεε.
335 1621 363 1641 v.
377 1611 448 1641 563.
466 1612 605 1650 μελέοιει.
635 1622 664 1642 v.
677 1612 748 1642 617.
766 1611 976 1651 similiterque
993 1622 1021 1641 v.
1041 1611 1110 1642 734.
1124 1611 1304 1651 Όβριάρεψ.

160 1673 187 1692 v.
206 1661 277 1692 628.
303 1662 423 1694 κείνοις.
470 1672 497 1692 v.
522 1661 593 1692 655.
618 1662 636 1693 ὅ
660 1673 713 1693 τοι.
760 1673 787 1692 v.
806 1662 875 1692 746.
901 1662 974 1700 ἔχει.
1022 1672 1049 1692 ν.
1067 1662 1137 1692 961.
1163 1662 1180 1700 ἢ
1205 1662 1242 1698 δή
1266 1661 1303 1693 οἱ,

160 1731 198 1735 —-
217 1712 306 1752 Oper.
323 1723 352 1743 v.
370 1713 420 1743 56.
445 1712 492 1744 (οἰ
515 1713 540 1741 τ’
558 1712 653 1754 αὐτῷ.
699 1724 727 1743 v.
748 1712 815 1743 187.
838 1713 913 1744 οὐδὲ
932 1732 967 1734 V
986 1712 1062 1743 οὐδέ
1079 1723 1140 1744 κεν.
1186 1723 1214 1742 ν.
1231 1712 1303 1743 263.

159 1764 289 1802 βαειλεῖε
305 1763 427 1795 ἰθύνετε
443 1764 562 1800 μύθους.
594 1774 621 1794 v.
638 1763 709 1794 283.
727 1764 834 1801 ἀαεθῇ.
867 1774 894 1793 v.
911 1763 983 1793 301.
1001 1764 1158 1802 πιμπλῇει.
1190 1774 1217 1793 v.
1231 1762 1303 1794 327.

159 1814 230 1853 ἔρξῃ
246 1815 277 1844 et
296 1825 324 1844 v.
342 1814 413 1845 328.
432 1815 528 1854 βαίνῃ.
574 1825 602 1844 v.
619 1814 692 1845 495.
710 1814 850 1853 ὀφέλλοι.
887 1825 914 1844 v.
931 1813 1002 1844 526.
1021 1813 1096 1845 οὐδέ
1111 1813 1148 1845 0‘1.
1187 1824 1214 1844 v.
1231 1813 1302 1845 533.

159 1867 273 1903 βροτοὶ.
297 1884 337 1886 -
360 1864 447 1896 Senti
470 1876 498 1895 v.
523 1864 572 1895 79.
596 1865 673 1903 μέγ’.
719 1876 747 1895 v.
771 1864 843 1895 4⁶29.
868 1865 904 1903 ἐμ
927 1866 1038 1903 μένεος.
1084 1875 1112 1895 v.
1136 1864 1208 1895 438.
1234 1864 1302 1903 ἠχῇ.

244 1948 382 1989 Deinde,
407 1951 456 1989 ut,
480 1949 634 1990 quidquid
657 1960 694 1980 ex
718 1949 858 1990 ingenti,
883 1949 968 1990 quod
983 1948 1142 1980 Hesiodea
1158 1949 1304 1988 antiquo-

159 2011 229 2030 rum
253 1999 419 2031 hominum
435 1999 540 2030 studia
562 1999 682 2040 hausit,
706 2000 874 2041 naufragio
897 2002 1076 2041 superesset
1098 2000 1303 2039 reliquiarum

159 2050 267 2081 statim
297 2050 331 2081 in
360 2050 551 2081 nostratium
580 2050 762 2082 criticorum
795 2050 903 2082 oculos
937 2051 1127 2090 incurreret,
1162 2050 1304 2081 versibus

161 2112 348 2142 quacunque
372 2101 409 2132 de
433 2112 527 2132 causa
542 2113 558 2132 a
575 2101 791 2143 grammaticis
814 2103 869 2132 aut
892 2101 1093 2142 philosophis
1115 2101 1149 2131 in
1173 2100 1303 2131 dubium

163 2152 282 2183 vocatis
306 2151 544 2183 celeberrimum
569 2152 658 2184 illum
682 2154 713 2183 et
729 2152 951 2184 Aristarcheae
975 2152 1173 2184 auctoritatis
1197 2151 1303 2183 omine
