<?xml version="1.0" encoding="UTF-8"?>
<!DOCTYPE html PUBLIC "-//W3C//DTD XHTML 1.0 Transitional//EN"
    "http://www.w3.org/TR/xhtml1/DTD/xhtml1-transitional.dtd">
<html xmlns="http://www.w3.org/1999/xhtml" xml:lang="en" lang="en">
 <head>
  <title>
</title>
<meta http-equiv="Content-Type" content="text/html;charset=utf-8" />
  <meta name='ocr-system' content='tesseract 3.04.00' />
  <meta name='ocr-capabilities' content='ocr_page ocr_carea ocr_par ocr_line ocrx_word'/>
</head>
<body>
  <div class='ocr_page' id='page_1' title='image "./hesiodeaquaesupe00hesiuoft_0013.png"; bbox 0 0 1561 2413; ppageno 0'>
   <div class='ocr_carea' id='block_1_1' title="bbox 632 130 1302 152">
    <p class='ocr_par' dir='ltr' id='par_1_1' title="bbox 632 130 1302 152">
     <span class='ocr_line' id='line_1_1' title="bbox 632 130 1302 152; baseline 0 0"><span class='ocrx_word' id='word_1_1' title='bbox 632 130 838 152; x_wconf 33' lang='lat' dir='ltr'>PRAEFATIO*</span> <span class='ocrx_word' id='word_1_2' title='bbox 1270 130 1302 152; x_wconf 75' lang='lat' dir='ltr'>IX</span> 
     </span>
    </p>
   </div>
   <div class='ocr_carea' id='block_1_2' title="bbox 158 206 1307 1356">
    <p class='ocr_par' dir='ltr' id='par_1_2' title="bbox 158 206 1307 1356">
     <span class='ocr_line' id='line_1_2' title="bbox 163 206 1305 248; baseline 0 -10"><span class='ocrx_word' id='word_1_3' title='bbox 163 208 257 239; x_wconf 87' lang='lat' dir='ltr'>modo</span> <span class='ocrx_word' id='word_1_4' title='bbox 280 207 389 248; x_wconf 85' lang='lat' dir='ltr'>primis</span> <span class='ocrx_word' id='word_1_5' title='bbox 413 206 607 248; x_wconf 82' lang='lat' dir='ltr'>apographis</span> <span class='ocrx_word' id='word_1_6' title='bbox 639 208 802 247; x_wconf 76' lang='lat' dir='ltr'>exceptam</span> <span class='ocrx_word' id='word_1_7' title='bbox 826 207 1009 238; x_wconf 74' lang='lat' dir='ltr'><strong>referendae</strong></span> <span class='ocrx_word' id='word_1_8' title='bbox 1033 209 1115 238; x_wconf 79' lang='lat' dir='ltr'>sunt.</span> <span class='ocrx_word' id='word_1_9' title='bbox 1161 206 1305 238; x_wconf 75' lang='lat' dir='ltr'>Tenebat</span> 
     </span>
     <span class='ocr_line' id='line_1_3' title="bbox 163 256 1304 289; baseline -0.001 -1"><span class='ocrx_word' id='word_1_10' title='bbox 163 258 247 289; x_wconf 78' lang='lat' dir='ltr'>enim</span> <span class='ocrx_word' id='word_1_11' title='bbox 270 257 323 288; x_wconf 90' lang='lat' dir='ltr'>ille</span> <span class='ocrx_word' id='word_1_12' title='bbox 346 259 469 288; x_wconf 86' lang='lat' dir='ltr'>textum</span> <span class='ocrx_word' id='word_1_13' title='bbox 492 256 687 288; x_wconf 86' lang='lat' dir='ltr'>Hesiodeum</span> <span class='ocrx_word' id='word_1_14' title='bbox 711 268 777 288; x_wconf 88' lang='lat' dir='ltr'>non</span> <span class='ocrx_word' id='word_1_15' title='bbox 801 268 837 288; x_wconf 88' lang='lat' dir='ltr'>cx</span> <span class='ocrx_word' id='word_1_16' title='bbox 861 268 926 288; x_wconf 80' lang='lat' dir='ltr'>una</span> <span class='ocrx_word' id='word_1_17' title='bbox 948 258 1013 288; x_wconf 83' lang='lat' dir='ltr'>sive</span> <span class='ocrx_word' id='word_1_18' title='bbox 1038 257 1214 289; x_wconf 77' lang='lat' dir='ltr'><strong>Aristarchi</strong></span> <span class='ocrx_word' id='word_1_19' title='bbox 1238 258 1304 288; x_wconf 86' lang='lat' dir='ltr'>sive</span> 
     </span>
     <span class='ocr_line' id='line_1_4' title="bbox 162 308 1304 349; baseline -0.001 -9"><span class='ocrx_word' id='word_1_20' title='bbox 162 309 242 340; x_wconf 82' lang='lat' dir='ltr'>alius</span> <span class='ocrx_word' id='word_1_21' title='bbox 271 308 447 349; x_wconf 84' lang='lat' dir='ltr'>cujuspiam</span> <span class='ocrx_word' id='word_1_22' title='bbox 478 308 676 349; x_wconf 76' lang='lat' dir='ltr'>grammatici</span> <span class='ocrx_word' id='word_1_23' title='bbox 707 308 890 339; x_wconf 76' lang='lat' dir='ltr'>recensione</span> <span class='ocrx_word' id='word_1_24' title='bbox 921 310 1104 339; x_wconf 75' lang='lat' dir='ltr'>constanter</span> <span class='ocrx_word' id='word_1_25' title='bbox 1127 308 1304 340; x_wconf 86' lang='lat' dir='ltr'>derivatum</span> 
     </span>
     <span class='ocr_line' id='line_1_5' title="bbox 162 359 1304 400; baseline 0 -10"><span class='ocrx_word' id='word_1_26' title='bbox 162 359 215 390; x_wconf 83' lang='lat' dir='ltr'>sed</span> <span class='ocrx_word' id='word_1_27' title='bbox 234 360 302 400; x_wconf 80' lang='lat' dir='ltr'>jam</span> <span class='ocrx_word' id='word_1_28' title='bbox 319 361 350 390; x_wconf 91' lang='lat' dir='ltr'>et</span> <span class='ocrx_word' id='word_1_29' title='bbox 366 359 462 390; x_wconf 82' lang='lat' dir='ltr'>variis</span> <span class='ocrx_word' id='word_1_30' title='bbox 478 359 639 390; x_wconf 81' lang='lat' dir='ltr'>variorum</span> <span class='ocrx_word' id='word_1_31' title='bbox 663 359 845 390; x_wconf 79' lang='lat' dir='ltr'>criticorum</span> <span class='ocrx_word' id='word_1_32' title='bbox 869 359 1135 400; x_wconf 78' lang='lat' dir='ltr'>librariorumque</span> <span class='ocrx_word' id='word_1_33' title='bbox 1159 359 1304 390; x_wconf 80' lang='lat' dir='ltr'>inanibus</span> 
     </span>
     <span class='ocr_line' id='line_1_6' title="bbox 161 409 1304 451; baseline 0 -10"><span class='ocrx_word' id='word_1_34' title='bbox 161 411 330 442; x_wconf 86' lang='lat' dir='ltr'>tractatum</span> <span class='ocrx_word' id='word_1_35' title='bbox 354 411 449 450; x_wconf 86' lang='lat' dir='ltr'>atque.</span> <span class='ocrx_word' id='word_1_36' title='bbox 471 411 619 440; x_wconf 83' lang='lat' dir='ltr'>vexatum</span> <span class='ocrx_word' id='word_1_37' title='bbox 643 411 675 440; x_wconf 83' lang='lat' dir='ltr'>ct</span> <span class='ocrx_word' id='word_1_38' title='bbox 697 409 949 450; x_wconf 76' lang='lat' dir='ltr'>discrepantibus</span> <span class='ocrx_word' id='word_1_39' title='bbox 974 410 1164 441; x_wconf 72' lang='lat' dir='ltr'>lectionibus</span> <span class='ocrx_word' id='word_1_40' title='bbox 1188 410 1304 451; x_wconf 87' lang='lat' dir='ltr'>glosse-</span> 
     </span>
     <span class='ocr_line' id='line_1_7' title="bbox 162 460 1304 501; baseline -0.001 -9"><span class='ocrx_word' id='word_1_41' title='bbox 162 461 255 492; x_wconf 84' lang='lat' dir='ltr'>matis</span> <span class='ocrx_word' id='word_1_42' title='bbox 284 460 426 501; x_wconf 83' lang='lat' dir='ltr'>adeoque</span> <span class='ocrx_word' id='word_1_43' title='bbox 456 460 759 501; x_wconf 77' lang='lat' dir='ltr'>interpolationibus</span> <span class='ocrx_word' id='word_1_44' title='bbox 789 460 905 501; x_wconf 82' lang='lat' dir='ltr'>partini</span> <span class='ocrx_word' id='word_1_45' title='bbox 935 461 1158 501; x_wconf 67' lang='lat' dir='ltr'>suprascriptis</span> <span class='ocrx_word' id='word_1_46' title='bbox 1188 461 1304 501; x_wconf 71' lang='lat' dir='ltr'>partini</span> 
     </span>
     <span class='ocr_line' id='line_1_8' title="bbox 163 510 1304 553; baseline -0.001 -10"><span class='ocrx_word' id='word_1_47' title='bbox 163 512 300 553; x_wconf 84' lang='lat' dir='ltr'>margini</span> <span class='ocrx_word' id='word_1_48' title='bbox 329 511 482 552; x_wconf 81' lang='lat' dir='ltr'>adpositis</span> <span class='ocrx_word' id='word_1_49' title='bbox 514 511 703 542; x_wconf 86' lang='lat' dir='ltr'>instructum</span> <span class='ocrx_word' id='word_1_50' title='bbox 734 523 788 542; x_wconf 85' lang='lat' dir='ltr'>seu</span> <span class='ocrx_word' id='word_1_51' title='bbox 818 511 923 552; x_wconf 87' lang='lat' dir='ltr'>potius</span> <span class='ocrx_word' id='word_1_52' title='bbox 948 513 1123 543; x_wconf 86' lang='lat' dir='ltr'>oneratum.</span> <span class='ocrx_word' id='word_1_53' title='bbox 1169 510 1218 542; x_wconf 85' lang='lat' dir='ltr'>Ex</span> <span class='ocrx_word' id='word_1_54' title='bbox 1242 523 1304 552; x_wconf 87' lang='lat' dir='ltr'>quo</span> 
     </span>
     <span class='ocr_line' id='line_1_9' title="bbox 162 562 1306 603; baseline -0.002 -9"><span class='ocrx_word' id='word_1_55' title='bbox 162 574 233 594; x_wconf 86' lang='lat' dir='ltr'>cum</span> <span class='ocrx_word' id='word_1_56' title='bbox 267 563 370 603; x_wconf 83' lang='lat' dir='ltr'>prima</span> <span class='ocrx_word' id='word_1_57' title='bbox 405 562 591 603; x_wconf 84' lang='lat' dir='ltr'>apographa</span> <span class='ocrx_word' id='word_1_58' title='bbox 620 562 745 593; x_wconf 84' lang='lat' dir='ltr'>diverso</span> <span class='ocrx_word' id='word_1_59' title='bbox 780 562 913 593; x_wconf 86' lang='lat' dir='ltr'>consilio</span> <span class='ocrx_word' id='word_1_60' title='bbox 949 562 1130 603; x_wconf 78' lang='lat' dir='ltr'>disparique</span> <span class='ocrx_word' id='word_1_61' title='bbox 1164 562 1306 593; x_wconf 80' lang='lat' dir='ltr'>sollertia</span> 
     </span>
     <span class='ocr_line' id='line_1_10' title="bbox 162 613 1305 654; baseline 0 -11"><span class='ocrx_word' id='word_1_62' title='bbox 162 613 415 645; x_wconf 85' lang='lat' dir='ltr'>describerentur</span> <span class='ocrx_word' id='word_1_63' title='bbox 444 613 598 654; x_wconf 83' lang='lat' dir='ltr'>novisque</span> <span class='ocrx_word' id='word_1_64' title='bbox 627 613 744 653; x_wconf 82' lang='lat' dir='ltr'>passini</span> <span class='ocrx_word' id='word_1_65' title='bbox 769 613 957 653; x_wconf 70' lang='lat' dir='ltr'>corruptelis</span> <span class='ocrx_word' id='word_1_66' title='bbox 981 613 1305 654; x_wconf 79' lang='lat' dir='ltr'>correctionibusque‚</span> 
     </span>
     <span class='ocr_line' id='line_1_11' title="bbox 163 663 1306 706; baseline -0.002 -10"><span class='ocrx_word' id='word_1_67' title='bbox 163 667 197 696; x_wconf 88' lang='lat' dir='ltr'>ut</span> <span class='ocrx_word' id='word_1_68' title='bbox 220 666 268 702; x_wconf 88' lang='lat' dir='ltr'>fit,</span> <span class='ocrx_word' id='word_1_69' title='bbox 293 666 495 706; x_wconf 81' lang='lat' dir='ltr'>augerentur,</span> <span class='ocrx_word' id='word_1_70' title='bbox 513 663 666 704; x_wconf 78' lang='lat' dir='ltr'>codicum,</span> <span class='ocrx_word' id='word_1_71' title='bbox 684 665 738 705; x_wconf 89' lang='lat' dir='ltr'>qui</span> <span class='ocrx_word' id='word_1_72' title='bbox 755 663 858 695; x_wconf 86' lang='lat' dir='ltr'>adhuc</span> <span class='ocrx_word' id='word_1_73' title='bbox 875 664 1060 704; x_wconf 84' lang='lat' dir='ltr'>superstites</span> <span class='ocrx_word' id='word_1_74' title='bbox 1084 666 1174 704; x_wconf 80' lang='lat' dir='ltr'>sunt,</span> <span class='ocrx_word' id='word_1_75' title='bbox 1199 663 1306 704; x_wconf 75' lang='lat' dir='ltr'>„rudis</span> 
     </span>
     <span class='ocr_line' id='line_1_12' title="bbox 162 714 1306 757; baseline -0.001 -11"><span class='ocrx_word' id='word_1_76' title='bbox 162 715 382 757; x_wconf 82' lang='lat' dir='ltr'>indigestaque</span> <span class='ocrx_word' id='word_1_77' title='bbox 411 715 538 746; x_wconf 74' lang='lat' dir='ltr'>moles“</span> <span class='ocrx_word' id='word_1_78' title='bbox 567 715 705 755; x_wconf 72' lang='lat' dir='ltr'>exstitit,</span> <span class='ocrx_word' id='word_1_79' title='bbox 735 715 789 755; x_wconf 89' lang='lat' dir='ltr'>qui</span> <span class='ocrx_word' id='word_1_80' title='bbox 813 714 936 745; x_wconf 88' lang='lat' dir='ltr'>codices</span> <span class='ocrx_word' id='word_1_81' title='bbox 959 714 1079 755; x_wconf 84' lang='lat' dir='ltr'>singuli</span> <span class='ocrx_word' id='word_1_82' title='bbox 1103 726 1166 755; x_wconf 87' lang='lat' dir='ltr'>quo</span> <span class='ocrx_word' id='word_1_83' title='bbox 1190 724 1306 755; x_wconf 84' lang='lat' dir='ltr'>cogna-</span> 
     </span>
     <span class='ocr_line' id='line_1_13' title="bbox 162 765 1306 806; baseline -0.002 -8"><span class='ocrx_word' id='word_1_84' title='bbox 162 766 258 798; x_wconf 90' lang='lat' dir='ltr'>tionis</span> <span class='ocrx_word' id='word_1_85' title='bbox 289 766 417 797; x_wconf 86' lang='lat' dir='ltr'>vinculo</span> <span class='ocrx_word' id='word_1_86' title='bbox 452 766 536 797; x_wconf 88' lang='lat' dir='ltr'>inter</span> <span class='ocrx_word' id='word_1_87' title='bbox 566 776 597 796; x_wconf 88' lang='lat' dir='ltr'>se</span> <span class='ocrx_word' id='word_1_88' title='bbox 626 766 701 796; x_wconf 81' lang='lat' dir='ltr'>nexi</span> <span class='ocrx_word' id='word_1_89' title='bbox 729 765 808 805; x_wconf 81' lang='lat' dir='ltr'>sint,</span> <span class='ocrx_word' id='word_1_90' title='bbox 843 776 909 796; x_wconf 89' lang='lat' dir='ltr'>non</span> <span class='ocrx_word' id='word_1_91' title='bbox 943 765 1031 806; x_wconf 89' lang='lat' dir='ltr'>prius</span> <span class='ocrx_word' id='word_1_92' title='bbox 1064 766 1184 806; x_wconf 87' lang='lat' dir='ltr'>poterit</span> <span class='ocrx_word' id='word_1_93' title='bbox 1212 765 1306 806; x_wconf 87' lang='lat' dir='ltr'>plene</span> 
     </span>
     <span class='ocr_line' id='line_1_14' title="bbox 161 816 1307 858; baseline -0.001 -10"><span class='ocrx_word' id='word_1_94' title='bbox 161 819 311 858; x_wconf 79' lang='lat' dir='ltr'>certoque</span> <span class='ocrx_word' id='word_1_95' title='bbox 341 816 566 857; x_wconf 74' lang='lat' dir='ltr'>demonstrari,</span> <span class='ocrx_word' id='word_1_96' title='bbox 597 827 691 857; x_wconf 89' lang='lat' dir='ltr'>quam</span> <span class='ocrx_word' id='word_1_97' title='bbox 716 827 825 847; x_wconf 88' lang='lat' dir='ltr'>omnes</span> <span class='ocrx_word' id='word_1_98' title='bbox 850 817 981 847; x_wconf 88' lang='lat' dir='ltr'>omnino</span> <span class='ocrx_word' id='word_1_99' title='bbox 1006 816 1115 847; x_wconf 87' lang='lat' dir='ltr'>eadem</span> <span class='ocrx_word' id='word_1_100' title='bbox 1139 816 1307 858; x_wconf 81' lang='lat' dir='ltr'>diligentia</span> 
     </span>
     <span class='ocr_line' id='line_1_15' title="bbox 161 867 1305 909; baseline 0 -11"><span class='ocrx_word' id='word_1_101' title='bbox 161 868 281 899; x_wconf 88' lang='lat' dir='ltr'>fuerint</span> <span class='ocrx_word' id='word_1_102' title='bbox 317 878 416 907; x_wconf 75' lang='lat' dir='ltr'>„cum</span> <span class='ocrx_word' id='word_1_103' title='bbox 442 867 621 908; x_wconf 89' lang='lat' dir='ltr'>pulvisculo</span> <span class='ocrx_word' id='word_1_104' title='bbox 651 867 808 907; x_wconf 82' lang='lat' dir='ltr'>excussi“‚</span> <span class='ocrx_word' id='word_1_105' title='bbox 839 867 966 908; x_wconf 87' lang='lat' dir='ltr'>qualem</span> <span class='ocrx_word' id='word_1_106' title='bbox 996 867 1192 909; x_wconf 86' lang='lat' dir='ltr'>gravissimis</span> <span class='ocrx_word' id='word_1_107' title='bbox 1221 869 1305 898; x_wconf 90' lang='lat' dir='ltr'>certe</span> 
     </span>
     <span class='ocr_line' id='line_1_16' title="bbox 161 917 1305 960; baseline 0.001 -11"><span class='ocrx_word' id='word_1_108' title='bbox 161 918 301 960; x_wconf 88' lang='lat' dir='ltr'>Operum</span> <span class='ocrx_word' id='word_1_109' title='bbox 325 920 357 949; x_wconf 89' lang='lat' dir='ltr'>et</span> <span class='ocrx_word' id='word_1_110' title='bbox 379 917 467 949; x_wconf 78' lang='lat' dir='ltr'>Senti</span> <span class='ocrx_word' id='word_1_111' title='bbox 496 918 657 949; x_wconf 77' lang='lat' dir='ltr'>codicibus</span> <span class='ocrx_word' id='word_1_112' title='bbox 687 917 835 949; x_wconf 83' lang='lat' dir='ltr'>adhibuit</span> <span class='ocrx_word' id='word_1_113' title='bbox 863 917 1047 958; x_wconf 75' lang='lat' dir='ltr'>Kinkelius,</span> <span class='ocrx_word' id='word_1_114' title='bbox 1077 930 1095 949; x_wconf 90' lang='lat' dir='ltr'>a</span> <span class='ocrx_word' id='word_1_115' title='bbox 1124 930 1187 959; x_wconf 87' lang='lat' dir='ltr'>quo</span> <span class='ocrx_word' id='word_1_116' title='bbox 1217 919 1305 960; x_wconf 87' lang='lat' dir='ltr'>pleni</span> 
     </span>
     <span class='ocr_line' id='line_1_17' title="bbox 160 968 1304 1010; baseline 0 -10"><span class='ocrx_word' id='word_1_117' title='bbox 160 969 449 1010; x_wconf 67' lang='lat' dir='ltr'>manuscriptorum</span> <span class='ocrx_word' id='word_1_118' title='bbox 464 968 697 999; x_wconf 87' lang='lat' dir='ltr'>Hesiodeorum</span> <span class='ocrx_word' id='word_1_119' title='bbox 714 969 890 999; x_wconf 84' lang='lat' dir='ltr'>stemmatis</span> <span class='ocrx_word' id='word_1_120' title='bbox 914 968 1071 999; x_wconf 88' lang='lat' dir='ltr'>condendi</span> <span class='ocrx_word' id='word_1_121' title='bbox 1094 969 1304 1001; x_wconf 84' lang='lat' dir='ltr'>fundamento</span> 
     </span>
     <span class='ocr_line' id='line_1_18' title="bbox 159 1019 1306 1062; baseline 0 -11"><span class='ocrx_word' id='word_1_122' title='bbox 159 1020 345 1062; x_wconf 80' lang='lat' dir='ltr'>longissime</span> <span class='ocrx_word' id='word_1_123' title='bbox 374 1019 476 1050; x_wconf 85' lang='lat' dir='ltr'>adhuc</span> <span class='ocrx_word' id='word_1_124' title='bbox 505 1030 564 1050; x_wconf 90' lang='lat' dir='ltr'>nos</span> <span class='ocrx_word' id='word_1_125' title='bbox 594 1020 702 1050; x_wconf 86' lang='lat' dir='ltr'>abesse</span> <span class='ocrx_word' id='word_1_126' title='bbox 732 1031 826 1051; x_wconf 87' lang='lat' dir='ltr'>nemo</span> <span class='ocrx_word' id='word_1_127' title='bbox 849 1031 915 1051; x_wconf 85' lang='lat' dir='ltr'>non</span> <span class='ocrx_word' id='word_1_128' title='bbox 940 1019 1034 1051; x_wconf 74' lang='lat' dir='ltr'>videt,</span> <span class='ocrx_word' id='word_1_129' title='bbox 1081 1019 1142 1051; x_wconf 76' lang='lat' dir='ltr'>Sed</span> <span class='ocrx_word' id='word_1_130' title='bbox 1166 1021 1192 1051; x_wconf 89' lang='lat' dir='ltr'>is</span> <span class='ocrx_word' id='word_1_131' title='bbox 1215 1021 1306 1052; x_wconf 87' lang='lat' dir='ltr'>labor</span> 
     </span>
     <span class='ocr_line' id='line_1_19' title="bbox 161 1070 1305 1112; baseline 0 -10"><span class='ocrx_word' id='word_1_132' title='bbox 161 1071 256 1102; x_wconf 81' lang='lat' dir='ltr'>taedii</span> <span class='ocrx_word' id='word_1_133' title='bbox 279 1071 484 1111; x_wconf 86' lang='lat' dir='ltr'>plenissimus</span> <span class='ocrx_word' id='word_1_134' title='bbox 508 1070 592 1111; x_wconf 89' lang='lat' dir='ltr'>quod</span> <span class='ocrx_word' id='word_1_135' title='bbox 617 1081 635 1101; x_wconf 86' lang='lat' dir='ltr'>a</span> <span class='ocrx_word' id='word_1_136' title='bbox 656 1070 750 1101; x_wconf 89' lang='lat' dir='ltr'>nobis</span> <span class='ocrx_word' id='word_1_137' title='bbox 779 1071 935 1101; x_wconf 89' lang='lat' dir='ltr'>exantlari</span> <span class='ocrx_word' id='word_1_138' title='bbox 965 1082 1031 1102; x_wconf 85' lang='lat' dir='ltr'>non</span> <span class='ocrx_word' id='word_1_139' title='bbox 1055 1072 1197 1112; x_wconf 89' lang='lat' dir='ltr'>potuerit</span> <span class='ocrx_word' id='word_1_140' title='bbox 1219 1071 1305 1103; x_wconf 91' lang='lat' dir='ltr'>haud</span> 
     </span>
     <span class='ocr_line' id='line_1_20' title="bbox 159 1121 1305 1163; baseline 0.001 -10"><span class='ocrx_word' id='word_1_141' title='bbox 159 1122 254 1153; x_wconf 83' lang='lat' dir='ltr'>nimis</span> <span class='ocrx_word' id='word_1_142' title='bbox 277 1133 327 1153; x_wconf 84' lang='lat' dir='ltr'>me</span> <span class='ocrx_word' id='word_1_143' title='bbox 351 1121 457 1153; x_wconf 90' lang='lat' dir='ltr'>dolere</span> <span class='ocrx_word' id='word_1_144' title='bbox 478 1122 617 1163; x_wconf 89' lang='lat' dir='ltr'>ingenue</span> <span class='ocrx_word' id='word_1_145' title='bbox 641 1121 753 1161; x_wconf 69' lang='lat' dir='ltr'>fateor,</span> <span class='ocrx_word' id='word_1_146' title='bbox 777 1121 946 1162; x_wconf 87' lang='lat' dir='ltr'>quoniam,</span> <span class='ocrx_word' id='word_1_147' title='bbox 976 1122 1037 1152; x_wconf 85' lang='lat' dir='ltr'>nisi</span> <span class='ocrx_word' id='word_1_148' title='bbox 1067 1133 1197 1163; x_wconf 88' lang='lat' dir='ltr'>prorsus</span> <span class='ocrx_word' id='word_1_149' title='bbox 1220 1134 1305 1154; x_wconf 82' lang='lat' dir='ltr'>nova</span> 
     </span>
     <span class='ocr_line' id='line_1_21' title="bbox 159 1171 1303 1213; baseline 0.002 -10"><span class='ocrx_word' id='word_1_150' title='bbox 159 1173 313 1203; x_wconf 89' lang='lat' dir='ltr'>librorum</span> <span class='ocrx_word' id='word_1_151' title='bbox 337 1172 477 1203; x_wconf 86' lang='lat' dir='ltr'>subsidia</span> <span class='ocrx_word' id='word_1_152' title='bbox 501 1171 692 1213; x_wconf 86' lang='lat' dir='ltr'>detegantur</span> <span class='ocrx_word' id='word_1_153' title='bbox 715 1174 746 1202; x_wconf 84' lang='lat' dir='ltr'>et</span> <span class='ocrx_word' id='word_1_154' title='bbox 769 1174 936 1212; x_wconf 67' lang='lat' dir='ltr'>eruantur,</span> <span class='ocrx_word' id='word_1_155' title='bbox 966 1173 1103 1204; x_wconf 88' lang='lat' dir='ltr'>multum</span> <span class='ocrx_word' id='word_1_156' title='bbox 1127 1173 1200 1204; x_wconf 87' lang='lat' dir='ltr'>inde</span> <span class='ocrx_word' id='word_1_157' title='bbox 1224 1174 1303 1205; x_wconf 90' lang='lat' dir='ltr'>lucri</span> 
     </span>
     <span class='ocr_line' id='line_1_22' title="bbox 159 1222 1304 1265; baseline 0.001 -11"><span class='ocrx_word' id='word_1_158' title='bbox 159 1223 199 1254; x_wconf 83' lang='lat' dir='ltr'>ad</span> <span class='ocrx_word' id='word_1_159' title='bbox 226 1224 325 1264; x_wconf 88' lang='lat' dir='ltr'>ipsius</span> <span class='ocrx_word' id='word_1_160' title='bbox 354 1222 519 1264; x_wconf 81' lang='lat' dir='ltr'>archetypi</span> <span class='ocrx_word' id='word_1_161' title='bbox 546 1222 687 1253; x_wconf 85' lang='lat' dir='ltr'>indolem</span> <span class='ocrx_word' id='word_1_162' title='bbox 717 1222 972 1263; x_wconf 88' lang='lat' dir='ltr'>cognoscendam</span> <span class='ocrx_word' id='word_1_163' title='bbox 1002 1223 1119 1254; x_wconf 89' lang='lat' dir='ltr'>nedum</span> <span class='ocrx_word' id='word_1_164' title='bbox 1143 1224 1182 1255; x_wconf 88' lang='lat' dir='ltr'>ad</span> <span class='ocrx_word' id='word_1_165' title='bbox 1204 1225 1304 1265; x_wconf 88' lang='lat' dir='ltr'>ipsius</span> 
     </span>
     <span class='ocr_line' id='line_1_23' title="bbox 158 1273 1303 1315; baseline 0.001 -10"><span class='ocrx_word' id='word_1_166' title='bbox 158 1276 272 1315; x_wconf 69' lang='lat' dir='ltr'>poetae</span> <span class='ocrx_word' id='word_1_167' title='bbox 300 1285 431 1305; x_wconf 74' lang='lat' dir='ltr'>mamm]</span> <span class='ocrx_word' id='word_1_168' title='bbox 464 1273 693 1304; x_wconf 86' lang='lat' dir='ltr'>restituendam</span> <span class='ocrx_word' id='word_1_169' title='bbox 728 1273 980 1304; x_wconf 86' lang='lat' dir='ltr'>redundaturum</span> <span class='ocrx_word' id='word_1_170' title='bbox 1014 1285 1080 1305; x_wconf 86' lang='lat' dir='ltr'>esse</span> <span class='ocrx_word' id='word_1_171' title='bbox 1110 1275 1161 1306; x_wconf 77' lang='lat' dir='ltr'>vix</span> <span class='ocrx_word' id='word_1_172' title='bbox 1190 1276 1303 1315; x_wconf 86' lang='lat' dir='ltr'>proba-</span> 
     </span>
     <span class='ocr_line' id='line_1_24' title="bbox 158 1324 295 1356; baseline 0.007 -1"><span class='ocrx_word' id='word_1_173' title='bbox 158 1324 222 1356; x_wconf 92' lang='lat' dir='ltr'>bile</span> <span class='ocrx_word' id='word_1_174' title='bbox 245 1325 295 1356; x_wconf 86' lang='lat' dir='ltr'>sit.</span> 
     </span>
    </p>
   </div>
   <div class='ocr_carea' id='block_1_3' title="bbox 157 1392 1304 2195">
    <p class='ocr_par' dir='ltr' id='par_1_3' title="bbox 157 1392 1304 2195">
     <span class='ocr_line' id='line_1_25' title="bbox 244 1392 1303 1425; baseline 0.001 -2"><span class='ocrx_word' id='word_1_175' title='bbox 244 1392 304 1424; x_wconf 82' lang='lat' dir='ltr'>Sed</span> <span class='ocrx_word' id='word_1_176' title='bbox 327 1392 405 1424; x_wconf 89' lang='lat' dir='ltr'>haec</span> <span class='ocrx_word' id='word_1_177' title='bbox 429 1403 500 1423; x_wconf 87' lang='lat' dir='ltr'>cum</span> <span class='ocrx_word' id='word_1_178' title='bbox 524 1393 672 1423; x_wconf 87' lang='lat' dir='ltr'>universa</span> <span class='ocrx_word' id='word_1_179' title='bbox 694 1392 735 1423; x_wconf 89' lang='lat' dir='ltr'>sit</span> <span class='ocrx_word' id='word_1_180' title='bbox 751 1393 894 1423; x_wconf 87' lang='lat' dir='ltr'>omnium</span> <span class='ocrx_word' id='word_1_181' title='bbox 911 1392 1055 1424; x_wconf 88' lang='lat' dir='ltr'>codicum</span> <span class='ocrx_word' id='word_1_182' title='bbox 1070 1393 1303 1425; x_wconf 88' lang='lat' dir='ltr'>Hesiodeorum</span> 
     </span>
     <span class='ocr_line' id='line_1_26' title="bbox 159 1443 1304 1485; baseline 0.002 -11"><span class='ocrx_word' id='word_1_183' title='bbox 159 1445 273 1474; x_wconf 87' lang='lat' dir='ltr'>natura</span> <span class='ocrx_word' id='word_1_184' title='bbox 301 1445 333 1474; x_wconf 91' lang='lat' dir='ltr'>et</span> <span class='ocrx_word' id='word_1_185' title='bbox 355 1443 451 1478; x_wconf 82' lang='lat' dir='ltr'>ratio,</span> <span class='ocrx_word' id='word_1_186' title='bbox 486 1454 639 1485; x_wconf 86' lang='lat' dir='ltr'>magnum</span> <span class='ocrx_word' id='word_1_187' title='bbox 672 1445 780 1473; x_wconf 86' lang='lat' dir='ltr'>tamen</span> <span class='ocrx_word' id='word_1_188' title='bbox 815 1443 984 1474; x_wconf 88' lang='lat' dir='ltr'>discrimen</span> <span class='ocrx_word' id='word_1_189' title='bbox 1018 1444 1187 1475; x_wconf 87' lang='lat' dir='ltr'>intercedit</span> <span class='ocrx_word' id='word_1_190' title='bbox 1220 1445 1304 1476; x_wconf 90' lang='lat' dir='ltr'>inter</span> 
     </span>
     <span class='ocr_line' id='line_1_27' title="bbox 158 1493 1303 1535; baseline 0.001 -11"><span class='ocrx_word' id='word_1_191' title='bbox 158 1505 230 1525; x_wconf 84' lang='lat' dir='ltr'>eum</span> <span class='ocrx_word' id='word_1_192' title='bbox 253 1493 398 1533; x_wconf 68' lang='lat' dir='ltr'>modum,</span> <span class='ocrx_word' id='word_1_193' title='bbox 428 1505 491 1534; x_wconf 90' lang='lat' dir='ltr'>quo</span> <span class='ocrx_word' id='word_1_194' title='bbox 517 1493 634 1534; x_wconf 69' lang='lat' dir='ltr'>Opera,</span> <span class='ocrx_word' id='word_1_195' title='bbox 659 1496 691 1524; x_wconf 86' lang='lat' dir='ltr'>et</span> <span class='ocrx_word' id='word_1_196' title='bbox 713 1505 799 1532; x_wconf 81' lang='lat' dir='ltr'>eum,</span> <span class='ocrx_word' id='word_1_197' title='bbox 829 1505 891 1534; x_wconf 89' lang='lat' dir='ltr'>quo</span> <span class='ocrx_word' id='word_1_198' title='bbox 917 1495 1096 1535; x_wconf 70' lang='lat' dir='ltr'>leeoyouia</span> <span class='ocrx_word' id='word_1_199' title='bbox 1120 1497 1152 1526; x_wconf 84' lang='lat' dir='ltr'>et</span> <span class='ocrx_word' id='word_1_200' title='bbox 1175 1496 1303 1527; x_wconf 58' lang='lat' dir='ltr'>Sauram,</span> 
     </span>
     <span class='ocr_line' id='line_1_28' title="bbox 158 1544 1303 1586; baseline 0.002 -11"><span class='ocrx_word' id='word_1_201' title='bbox 158 1545 251 1575; x_wconf 84' lang='lat' dir='ltr'>nobis</span> <span class='ocrx_word' id='word_1_202' title='bbox 279 1544 396 1575; x_wconf 86' lang='lat' dir='ltr'>tradita</span> <span class='ocrx_word' id='word_1_203' title='bbox 424 1546 506 1575; x_wconf 88' lang='lat' dir='ltr'>sunt.</span> <span class='ocrx_word' id='word_1_204' title='bbox 552 1544 612 1575; x_wconf 86' lang='lat' dir='ltr'>Illa</span> <span class='ocrx_word' id='word_1_205' title='bbox 641 1544 726 1575; x_wconf 88' lang='lat' dir='ltr'>enim</span> <span class='ocrx_word' id='word_1_206' title='bbox 761 1544 828 1575; x_wconf 85' lang='lat' dir='ltr'>sola</span> <span class='ocrx_word' id='word_1_207' title='bbox 862 1545 895 1575; x_wconf 89' lang='lat' dir='ltr'>in</span> <span class='ocrx_word' id='word_1_208' title='bbox 925 1545 1114 1586; x_wconf 87' lang='lat' dir='ltr'>quibusdam</span> <span class='ocrx_word' id='word_1_209' title='bbox 1148 1545 1303 1577; x_wconf 87' lang='lat' dir='ltr'>habemus</span> 
     </span>
     <span class='ocr_line' id='line_1_29' title="bbox 158 1594 1302 1637; baseline 0.002 -11"><span class='ocrx_word' id='word_1_210' title='bbox 158 1594 320 1626; x_wconf 83' lang='lat' dir='ltr'>codicibus</span> <span class='ocrx_word' id='word_1_211' title='bbox 344 1597 483 1634; x_wconf 71' lang='lat' dir='ltr'>servata,</span> <span class='ocrx_word' id='word_1_212' title='bbox 508 1595 562 1636; x_wconf 90' lang='lat' dir='ltr'>qui</span> <span class='ocrx_word' id='word_1_213' title='bbox 585 1595 686 1626; x_wconf 88' lang='lat' dir='ltr'>multo</span> <span class='ocrx_word' id='word_1_214' title='bbox 708 1595 839 1635; x_wconf 82' lang='lat' dir='ltr'>propius</span> <span class='ocrx_word' id='word_1_215' title='bbox 863 1595 902 1626; x_wconf 85' lang='lat' dir='ltr'>ad</span> <span class='ocrx_word' id='word_1_216' title='bbox 925 1595 1132 1637; x_wconf 76' lang='lat' dir='ltr'>archetypum</span> <span class='ocrx_word' id='word_1_217' title='bbox 1156 1597 1302 1629; x_wconf 85' lang='lat' dir='ltr'>accedere</span> 
     </span>
     <span class='ocr_line' id='line_1_30' title="bbox 158 1645 1302 1688; baseline 0.002 -12"><span class='ocrx_word' id='word_1_218' title='bbox 158 1645 316 1685; x_wconf 69' lang='lat' dir='ltr'>videntur,</span> <span class='ocrx_word' id='word_1_219' title='bbox 340 1657 436 1687; x_wconf 86' lang='lat' dir='ltr'>quam</span> <span class='ocrx_word' id='word_1_220' title='bbox 459 1646 555 1677; x_wconf 91' lang='lat' dir='ltr'>ceteri</span> <span class='ocrx_word' id='word_1_221' title='bbox 579 1645 800 1687; x_wconf 78' lang='lat' dir='ltr'>Theogoniam</span> <span class='ocrx_word' id='word_1_222' title='bbox 824 1646 918 1677; x_wconf 91' lang='lat' dir='ltr'>simul</span> <span class='ocrx_word' id='word_1_223' title='bbox 935 1648 966 1677; x_wconf 91' lang='lat' dir='ltr'>et</span> <span class='ocrx_word' id='word_1_224' title='bbox 982 1645 1113 1678; x_wconf 81' lang='lat' dir='ltr'>Scutum</span> <span class='ocrx_word' id='word_1_225' title='bbox 1136 1647 1302 1688; x_wconf 85' lang='lat' dir='ltr'>complexi.</span> 
     </span>
     <span class='ocr_line' id='line_1_31' title="bbox 160 1696 1302 1737; baseline 0.002 -10"><span class='ocrx_word' id='word_1_226' title='bbox 160 1696 246 1733; x_wconf 80' lang='lat' dir='ltr'>Quos</span> <span class='ocrx_word' id='word_1_227' title='bbox 263 1697 347 1728; x_wconf 89' lang='lat' dir='ltr'>inter</span> <span class='ocrx_word' id='word_1_228' title='bbox 361 1696 554 1737; x_wconf 84' lang='lat' dir='ltr'>integriores</span> <span class='ocrx_word' id='word_1_229' title='bbox 570 1696 694 1727; x_wconf 83' lang='lat' dir='ltr'>codices</span> <span class='ocrx_word' id='word_1_230' title='bbox 718 1697 857 1728; x_wconf 87' lang='lat' dir='ltr'>eminere</span> <span class='ocrx_word' id='word_1_231' title='bbox 874 1696 917 1737; x_wconf 80' lang='lat' dir='ltr'>M,</span> <span class='ocrx_word' id='word_1_232' title='bbox 942 1697 995 1737; x_wconf 88' lang='lat' dir='ltr'>qui</span> <span class='ocrx_word' id='word_1_233' title='bbox 1020 1700 1068 1728; x_wconf 88' lang='lat' dir='ltr'>est</span> <span class='ocrx_word' id='word_1_234' title='bbox 1089 1697 1302 1730; x_wconf 85' lang='lat' dir='ltr'>bibliothecae</span> 
     </span>
     <span class='ocr_line' id='line_1_32' title="bbox 158 1746 1302 1790; baseline 0.002 -12"><span class='ocrx_word' id='word_1_235' title='bbox 158 1746 391 1778; x_wconf 86' lang='lat' dir='ltr'>Laurentianae</span> <span class='ocrx_word' id='word_1_236' title='bbox 415 1746 532 1783; x_wconf 81' lang='lat' dir='ltr'><strong>XXXI,</strong></span> <span class='ocrx_word' id='word_1_237' title='bbox 556 1747 612 1783; x_wconf 75' lang='lat'>39,</span> <span class='ocrx_word' id='word_1_238' title='bbox 639 1747 707 1787; x_wconf 88' lang='lat' dir='ltr'>jam</span> <span class='ocrx_word' id='word_1_239' title='bbox 732 1747 784 1778; x_wconf 88' lang='lat' dir='ltr'>din</span> <span class='ocrx_word' id='word_1_240' title='bbox 808 1748 990 1787; x_wconf 74' lang='lat' dir='ltr'>constabat,</span> <span class='ocrx_word' id='word_1_241' title='bbox 1021 1748 1074 1779; x_wconf 83' lang='lat' dir='ltr'>sed</span> <span class='ocrx_word' id='word_1_242' title='bbox 1105 1751 1302 1790; x_wconf 89' lang='lat' dir='ltr'>quantopere</span> 
     </span>
     <span class='ocr_line' id='line_1_33' title="bbox 158 1798 1302 1839; baseline 0.003 -11"><span class='ocrx_word' id='word_1_243' title='bbox 158 1800 279 1829; x_wconf 86' lang='lat' dir='ltr'>eeteros</span> <span class='ocrx_word' id='word_1_244' title='bbox 312 1809 423 1829; x_wconf 87' lang='lat' dir='ltr'>omnes</span> <span class='ocrx_word' id='word_1_245' title='bbox 452 1798 595 1839; x_wconf 84' lang='lat' dir='ltr'>adeoque</span> <span class='ocrx_word' id='word_1_246' title='bbox 623 1809 691 1829; x_wconf 90' lang='lat' dir='ltr'>non</span> <span class='ocrx_word' id='word_1_247' title='bbox 720 1798 825 1829; x_wconf 86' lang='lat' dir='ltr'>minus</span> <span class='ocrx_word' id='word_1_248' title='bbox 854 1800 1014 1829; x_wconf 86' lang='lat' dir='ltr'>vetustum</span> <span class='ocrx_word' id='word_1_249' title='bbox 1044 1798 1239 1830; x_wconf 88' lang='lat' dir='ltr'>Messanium</span> <span class='ocrx_word' id='word_1_250' title='bbox 1263 1800 1302 1831; x_wconf 88' lang='lat' dir='ltr'>ab</span> 
     </span>
     <span class='ocr_line' id='line_1_34' title="bbox 158 1848 1301 1891; baseline 0.002 -12"><span class='ocrx_word' id='word_1_251' title='bbox 158 1848 291 1880; x_wconf 87' lang='lat' dir='ltr'>Alberto</span> <span class='ocrx_word' id='word_1_252' title='bbox 315 1848 455 1879; x_wconf 86' lang='lat' dir='ltr'>Guethio</span> <span class='ocrx_word' id='word_1_253' title='bbox 484 1848 645 1889; x_wconf 88' lang='lat' dir='ltr'>prolatum</span> <span class='ocrx_word' id='word_1_254' title='bbox 674 1851 817 1889; x_wconf 79' lang='lat' dir='ltr'>superet,</span> <span class='ocrx_word' id='word_1_255' title='bbox 847 1860 933 1880; x_wconf 88' lang='lat' dir='ltr'>nunc</span> <span class='ocrx_word' id='word_1_256' title='bbox 962 1849 1102 1889; x_wconf 74' lang='lat' dir='ltr'>demum,</span> <span class='ocrx_word' id='word_1_257' title='bbox 1132 1852 1301 1891; x_wconf 86' lang='lat' dir='ltr'>postquam</span> 
     </span>
     <span class='ocr_line' id='line_1_35' title="bbox 157 1898 1301 1940; baseline 0.003 -11"><span class='ocrx_word' id='word_1_258' title='bbox 157 1898 300 1930; x_wconf 80' lang='lat' dir='ltr'>Kinkelii</span> <span class='ocrx_word' id='word_1_259' title='bbox 333 1899 501 1940; x_wconf 84' lang='lat' dir='ltr'>diligentia</span> <span class='ocrx_word' id='word_1_260' title='bbox 530 1899 672 1930; x_wconf 88' lang='lat' dir='ltr'>diversae</span> <span class='ocrx_word' id='word_1_261' title='bbox 708 1899 776 1939; x_wconf 81' lang='lat' dir='ltr'>ejus</span> <span class='ocrx_word' id='word_1_262' title='bbox 811 1910 925 1930; x_wconf 88' lang='lat' dir='ltr'>manus</span> <span class='ocrx_word' id='word_1_263' title='bbox 958 1903 1104 1931; x_wconf 86' lang='lat' dir='ltr'>accurate</span> <span class='ocrx_word' id='word_1_264' title='bbox 1133 1900 1301 1932; x_wconf 82' lang='lat' dir='ltr'>distinctae</span> 
     </span>
     <span class='ocr_line' id='line_1_36' title="bbox 157 1949 1301 1992; baseline 0.001 -11"><span class='ocrx_word' id='word_1_265' title='bbox 157 1952 246 1989; x_wconf 80' lang='lat' dir='ltr'>sunt,</span> <span class='ocrx_word' id='word_1_266' title='bbox 275 1950 402 1990; x_wconf 88' lang='lat' dir='ltr'>penitus</span> <span class='ocrx_word' id='word_1_267' title='bbox 430 1950 568 1990; x_wconf 87' lang='lat' dir='ltr'>perspici</span> <span class='ocrx_word' id='word_1_268' title='bbox 596 1949 679 1980; x_wconf 90' lang='lat' dir='ltr'>licet.</span> <span class='ocrx_word' id='word_1_269' title='bbox 727 1949 825 1991; x_wconf 86' lang='lat' dir='ltr'>Cujus</span> <span class='ocrx_word' id='word_1_270' title='bbox 856 1950 1010 1981; x_wconf 88' lang='lat' dir='ltr'>bonitatis</span> <span class='ocrx_word' id='word_1_271' title='bbox 1039 1962 1110 1982; x_wconf 84' lang='lat' dir='ltr'>cum</span> <span class='ocrx_word' id='word_1_272' title='bbox 1134 1951 1167 1982; x_wconf 84' lang='lat' dir='ltr'>in</span> <span class='ocrx_word' id='word_1_273' title='bbox 1190 1952 1301 1992; x_wconf 88' lang='lat' dir='ltr'>quavis</span> 
     </span>
     <span class='ocr_line' id='line_1_37' title="bbox 157 2000 1301 2041; baseline 0.001 -10"><span class='ocrx_word' id='word_1_274' title='bbox 157 2000 222 2031; x_wconf 85' lang='lat' dir='ltr'>fere</span> <span class='ocrx_word' id='word_1_275' title='bbox 252 2000 400 2032; x_wconf 85' lang='lat' dir='ltr'>editionis</span> <span class='ocrx_word' id='word_1_276' title='bbox 428 2004 557 2032; x_wconf 85' lang='lat' dir='ltr'>nostrae</span> <span class='ocrx_word' id='word_1_277' title='bbox 585 2000 705 2041; x_wconf 87' lang='lat' dir='ltr'>pagina</span> <span class='ocrx_word' id='word_1_278' title='bbox 733 2000 924 2032; x_wconf 88' lang='lat' dir='ltr'>documenta</span> <span class='ocrx_word' id='word_1_279' title='bbox 950 2001 1172 2041; x_wconf 84' lang='lat' dir='ltr'>inveniantur,</span> <span class='ocrx_word' id='word_1_280' title='bbox 1201 2013 1301 2032; x_wconf 89' lang='lat' dir='ltr'>unum</span> 
     </span>
     <span class='ocr_line' id='line_1_38' title="bbox 157 2050 1301 2093; baseline 0.002 -11"><span class='ocrx_word' id='word_1_281' title='bbox 157 2050 209 2082; x_wconf 93' lang='lat' dir='ltr'>hic</span> <span class='ocrx_word' id='word_1_282' title='bbox 232 2050 287 2082; x_wconf 88' lang='lat' dir='ltr'>sed</span> <span class='ocrx_word' id='word_1_283' title='bbox 309 2050 341 2082; x_wconf 91' lang='lat' dir='ltr'>id</span> <span class='ocrx_word' id='word_1_284' title='bbox 364 2051 491 2093; x_wconf 85' lang='lat' dir='ltr'>insigne</span> <span class='ocrx_word' id='word_1_285' title='bbox 515 2051 695 2092; x_wconf 80' lang='lat' dir='ltr'>exemplum</span> <span class='ocrx_word' id='word_1_286' title='bbox 718 2053 846 2083; x_wconf 89' lang='lat' dir='ltr'>notasse</span> <span class='ocrx_word' id='word_1_287' title='bbox 869 2052 1001 2093; x_wconf 83' lang='lat' dir='ltr'>sufficit,</span> <span class='ocrx_word' id='word_1_288' title='bbox 1026 2052 1112 2093; x_wconf 89' lang='lat' dir='ltr'>quod</span> <span class='ocrx_word' id='word_1_289' title='bbox 1134 2052 1220 2083; x_wconf 89' lang='lat' dir='ltr'>solus</span> <span class='ocrx_word' id='word_1_290' title='bbox 1242 2064 1301 2084; x_wconf 88' lang='lat' dir='ltr'>nec</span> 
     </span>
     <span class='ocr_line' id='line_1_39' title="bbox 157 2101 1300 2144; baseline 0.002 -12"><span class='ocrx_word' id='word_1_291' title='bbox 157 2112 185 2132; x_wconf 89' lang='lat' dir='ltr'>v.</span> <span class='ocrx_word' id='word_1_292' title='bbox 209 2101 271 2132; x_wconf 82' lang='lat'>310</span> <span class='ocrx_word' id='word_1_293' title='bbox 293 2112 352 2132; x_wconf 89' lang='lat' dir='ltr'>nec</span> <span class='ocrx_word' id='word_1_294' title='bbox 375 2113 403 2133; x_wconf 83' lang='lat' dir='ltr'>v.</span> <span class='ocrx_word' id='word_1_295' title='bbox 421 2101 483 2133; x_wconf 80' lang='lat'>318</span> <span class='ocrx_word' id='word_1_296' title='bbox 506 2101 617 2132; x_wconf 88' lang='lat' dir='ltr'>habet:</span> <span class='ocrx_word' id='word_1_297' title='bbox 641 2101 728 2133; x_wconf 81' lang='lat' dir='ltr'>hunc</span> <span class='ocrx_word' id='word_1_298' title='bbox 751 2102 836 2133; x_wconf 88' lang='lat' dir='ltr'>enim</span> <span class='ocrx_word' id='word_1_299' title='bbox 860 2103 945 2144; x_wconf 89' lang='lat' dir='ltr'>quod</span> <span class='ocrx_word' id='word_1_300' title='bbox 968 2105 1058 2134; x_wconf 70' lang='lat' dir='ltr'>tertia</span> <span class='ocrx_word' id='word_1_301' title='bbox 1084 2114 1197 2135; x_wconf 87' lang='lat' dir='ltr'>manus</span> <span class='ocrx_word' id='word_1_302' title='bbox 1219 2114 1300 2134; x_wconf 88' lang='lat' dir='ltr'>mar-</span> 
     </span>
     <span class='ocr_line' id='line_1_40' title="bbox 159 2151 1300 2195; baseline 0.004 -14"><span class='ocrx_word' id='word_1_303' title='bbox 159 2151 226 2192; x_wconf 90' lang='lat' dir='ltr'>gini</span> <span class='ocrx_word' id='word_1_304' title='bbox 254 2151 435 2193; x_wconf 76' lang='lat' dir='ltr'>adscripsit,</span> <span class='ocrx_word' id='word_1_305' title='bbox 469 2152 589 2183; x_wconf 87' lang='lat' dir='ltr'>nullius</span> <span class='ocrx_word' id='word_1_306' title='bbox 613 2154 660 2184; x_wconf 87' lang='lat' dir='ltr'>est</span> <span class='ocrx_word' id='word_1_307' title='bbox 682 2153 845 2184; x_wconf 86' lang='lat' dir='ltr'>momenti.</span> <span class='ocrx_word' id='word_1_308' title='bbox 890 2153 1002 2195; x_wconf 83' lang='lat' dir='ltr'>Itaque</span> <span class='ocrx_word' id='word_1_309' title='bbox 1031 2153 1117 2185; x_wconf 88' lang='lat' dir='ltr'>hunc</span> <span class='ocrx_word' id='word_1_310' title='bbox 1139 2156 1300 2195; x_wconf 80' lang='lat' dir='ltr'>praestan-</span> 
     </span>
    </p>
   </div>
  </div>
 </body>
</html>
