1561 2413
499 137 593 163 ΕΡΓΛ
612 137 674 162 KAI
693 137 844 163 ΠΜΕΡΛῙ.
1188 136 1244 167 141

185 223 310 263 τετράδι
335 223 367 254 δ’
390 222 459 260 οἶγε
483 222 592 254 πίθον·
615 222 686 261 περὶ
709 222 844 253 πάντων
867 221 954 261 ἱερὸν
979 221 1061 260 ἦμαρ

101 280 152 304 8¹20
188 276 294 315 μέςςη·
317 276 435 313 παῦροι
459 274 492 305 δ)
515 273 590 305 αὖτε
614 273 684 312 μετ’
707 272 815 304 εἰκάδα
838 272 937 311 μηνὸς
961 272 1087 312 ἀρίςτην

187 327 265 365 ἠοῦς
294 325 497 364 γιγνομένης·
522 324 572 356 ἐπὶ
595 324 701 356 δείελα
724 324 757 355 δ’
780 323 841 355 ε’ςτὶ
863 323 1007 362 χερείων.

229 378 314 409 αἵδε
337 378 394 416 μὲν
417 376 558 416 ἡμέραι
581 375 676 407 εἰςὶν
700 375 894 413 ἐπιχθονίοις
917 375 989 413 μέγ’
1014 374 1133 413 ὄνειαρ,

186 428 216 459 αί
239 429 272 459 δ’
295 428 412 459 ἄλλαι
435 426 648 465 μετάδουποι,
672 425 814 464 ἀκήριοι7
839 425 878 457 οὔ
900 435 929 457 τι
951 426 1114 464 φέρουςαι.

185 514 324 545 Ἄλλος
347 513 379 544 δ’
396 511 529 550 ἀλλοίην
553 511 646 548 αἰνεῖ,
670 512 817 549 παῦροι
841 511 881 542 δέ
904 510 935 541 τ’
958 510 1094 542 ἴςαςιν.

101 604 151 627 825
186 599 347 630 ’Άλλοτε
372 597 502 637 μητρυιὴ
526 596 615 628 πέλει
637 595 778 636 ἡμέρη,
801 595 947 628 ἄλλοτε
971 595 1078 635 μήτηρ.

228 684 323 716 Τάων
347 682 507 720 εὐδαίμων
531 692 564 713 τε
587 681 638 712 καὶ
661 681 786 720 ὄλβιος,
810 681 846 713 ὃς
868 681 944 712 τάδε
967 680 1073 712 πάντα

185 735 301 767 εἰδὼς
325 734 537 773 ἐργάζηται
561 732 701 764 ἀναίτιος
725 732 1000 770 ἀθανάτοιςιν,

185 785 350 825 ὄρνιθας
373 785 517 824 κρίνων
541 784 591 815 καὶ
614 783 804 823 ὑπερβαςίας
827 783 1031 815 ἀλεείνων.

168 881 199 905 L.
220 880 251 904 V.
288 888 313 905 v.
333 881 392 904 819.
412 878 473 909 οἶγε
494 887 526 902 ex
546 877 605 908 οἵγε
624 886 657 902 m.
678 880 748 909 post.
766 878 794 902 M
813 876 841 902 οἶ
858 884 891 908 γε
911 886 927 901 a
946 876 1029 902 πίθου
1049 877 1071 900 Τ
1106 876 1167 908 πέρι
1178 877 1245 901 BOS

102 914 153 938 Pro
172 923 197 941 v,
217 916 266 939 819
285 914 399 938 seorsim
418 913 507 945 posito
526 912 553 936 in
574 912 631 936 οοιί,
651 912 741 935 Viteb.
766 914 872 936 tantum
896 912 980 936 verba
1003 910 1114 942 τετράδι
1139 911 1167 934 δ’
1185 910 1246 941 οἶγε

100 947 184 973 πίθον
204 957 264 973 cum
284 948 481 980 suprascriptis
500 947 634 977 περιςςῶς
658 944 731 970 ἐςτίν
750 946 926 970 antecedenti
946 946 1037 970 versui
1057 945 1165 969 adnexa
1184 948 1247 970 sunt

169 991 193 1008 ν.
214 984 272 1008 820.
293 982 358 1013 μέςη
378 982 426 1013 Ml)
447 982 492 1007 (cf.
505 981 539 1005 ad
557 980 652 1011 v.Slo)
673 979 775 1011 μεςςήη
796 981 839 1012 ΊῚ)
860 979 979 1010 μεςςήην
999 980 1021 1010 Q
1043 978 1123 1011 μέςςῃ
1143 979 1246 1011 legisse

101 1020 128 1040 et
151 1025 199 1050 per
221 1016 400 1049 parenthesin
428 1014 581 1046 interjectis
605 1013 668 1045 περὶ
696 1012 813 1038 πάντων
840 1013 917 1045 ἱερὸν
944 1013 1019 1045 ἦμαρ
1047 1021 1107 1037 cnm
1134 1012 1246 1044 τετράδι

96 1051 222 1082 junxisse
243 1051 432 1082 Mosclzopulum
452 1058 483 1074 ex
504 1048 562 1079 ejus
581 1048 723 1072 notatione
743 1051 871 1080 apparet:
896 1054 910 1073 (κ’
918 1047 988 1072 κατὰ
1006 1047 1060 1078 τὴν
1078 1046 1198 1078 τετράδα
1217 1046 1247 1071 δέ

99 1085 153 1116 τὴν
173 1084 258 1116 μὲςην
277 1084 370 1114 ἄνοιγε
390 1082 482 1108 πίθον.
519 1082 588 1114 Πέρι
607 1081 734 1111 πάντων,
759 1082 848 1112 ἤγουν
868 1083 1000 1113 περιςςῶς
1021 1080 1148 1111 πάντων,
1169 1080 1246 1112 ἱερὸν

99 1118 190 1150 ῆμαρὺ
243 1127 272 1143 π.
287 1118 315 1143 δέ
334 1125 365 1143 τε
386 1116 533 1148 μετεικάδα
546 1118 573 1141 Μ
592 1115 621 1140 δέ
639 1123 670 1140 τε
691 1115 755 1146 μετ’
775 1114 805 1140 εἰ.
819 1122 837 1147 p
857 1115 887 1140 δὲ
906 1116 970 1146 μετ’
983 1114 1015 1140 εἰ,
1031 1116 1053 1145 Q
1075 1123 1117 1147 ap.
1132 1115 1211 1145 Gaisf.
1224 1115 1246 1139 T

99 1152 128 1177 δέ
147 1160 178 1178 τε
198 1152 263 1184 μετ’
281 1152 348 1177 αὖτε
367 1158 385 1183 1)
405 1151 433 1176 δ’
452 1150 519 1176 αὖτε
539 1150 603 1181 μετ’
616 1149 710 1175 εἰκάδα
729 1150 828 1181 reliqui
842 1150 874 1177 (Β
888 1152 1013 1181 excepto⁷
1028 1150 1073 1181 qui
1089 1148 1244 1179 μετεικάδα,

100 1195 159 1211 cum
176 1188 265 1211 Iouna.
282 1186 445 1217 Prolospallz.
466 1194 491 1217 p.
511 1186 575 1215 458,
595 1186 627 1209 ‘29
647 1192 686 1215 sq.
704 1184 794 1215 Lips.)
846 1182 942 1215 ἀρίςτη
962 1184 984 1207 Τ
1055 1192 1079 1208 v.
1100 1183 1158 1207 821.
1177 1182 1245 1214 ἠοῦς

100 1229 132 1245 cx
147 1220 215 1252 ήοὺς
229 1229 289 1245 corr
302 1219 346 1252 (m.
362 1220 442 1252 post.)
456 1220 484 1243 M
519 1217 682 1249 γεινομένης
702 1219 723 1248 Q
743 1218 908 1249 γξινομένης
921 1219 944 1241 Τ
962 1217 1109 1248 γινομένης
1128 1225 1181 1241 uno
1202 1225 1247 1241 ex-

100 1258 182 1286 cepto
202 1255 301 1287 reliqui
354 1252 492 1279 ἐπιδείελα
511 1253 538 1277 Μ
557 1252 602 1277 ἐπὶ
621 1252 714 1277 δείελα
732 1253 829 1283 reliqui
849 1253 972 1283 (onmes'.)
992 1252 1019 1275 iu
1038 1252 1060 1275 T
1080 1251 1126 1276 ἐπὶ
1146 1251 1176 1279 b„
1197 1251 1245 1275 sed

99 1288 144 1313 ἐπὶ
165 1298 197 1313 ex
216 1288 277 1313 ἐπεὶ
297 1288 368 1319 corr)
388 1288 417 1313 δ’
436 1296 478 1312 om
497 1287 506 1311 l
574 1295 599 1311 v.
614 1288 671 1311 822.
690 1285 718 1311 αἱ
736 1286 766 1311 δὲ
783 1287 810 1310 Μ
864 1284 931 1311 εἰςίν
950 1294 992 1310 om
1011 1285 1054 1317 Tp
1108 1284 1154 1309 ἐπὶ
1175 1284 1244 1314 (acc.

99 1323 151 1348 del.
164 1323 273 1355 postea)
293 1321 413 1353 χθονίοις
435 1323 506 1352 (θονι
524 1329 557 1347 m.
572 1325 645 1353 post.
667 1322 694 1344 in
714 1322 769 1352 ras)
783 1320 810 1343 Μ
830 1319 876 1345 ἐπὶ
895 1319 1016 1351 χθονίοις
1030 1322 1051 1344 O
1148 1327 1172 1343 v.
1186 1320 1244 1344 823.

99 1356 126 1381 αϊ
145 1356 174 1381 δ’
187 1358 208 1381 Τ
227 1356 286 1381 οιῖδὶ
299 1365 315 1380 a
360 1358 429 1387 μετὰ
447 1356 547 1380 δοῦποι
566 1364 598 1380 ex
618 1354 788 1386 μετάδουποι
806 1363 840 1380 m.
860 1357 940 1386 post.=
962 1352 1134 1383 μετάδουποι
1153 1360 1244 1376 rursus

98 1399 132 1414 m.
152 1391 187 1416 11.
208 1391 382 1415 circumflexo
402 1390 497 1414 relicto
517 1391 543 1413 M
597 1389 623 1414 οἱ
641 1397 667 1414 τι
687 1396 716 1420 φ.
737 1390 759 1413 T
838 1397 862 1413 v.
878 1389 936 1412 824.
957 1387 1026 1412 ἴςαςι
1044 1388 1071 1411 M
1141 1395 1166 1410 v.
1187 1388 1247 1411 825.

99 1425 208 1456 μητρυὴ
222 1425 249 1449 Μ
269 1424 378 1456 μητρύη
393 1425 415 1454 Q
437 1423 555 1456 μητρυιὴ
575 1425 597 1448 T
651 1423 728 1448 πέλει
747 1424 774 1448 Μ
794 1422 841 1447 sed
855 1430 879 1447 ει
892 1423 936 1452 (m.
951 1422 1032 1453 post.)
1047 1429 1080 1445 ex
1091 1429 1108 1452 η
1124 1421 1158 1451 (5³)
1174 1429 1244 1445 corr.

165 1458 255 1490 ἡμέρα
274 1459 320 1482 ΒΤ
346 1460 386 1489 (in
404 1459 426 1482 T
447 1467 479 1482 ex
498 1457 588 1489 ήμὲρη
609 1459 679 1489 corr)
751 1466 794 1482 vv.
813 1458 862 1481 826
882 1464 922 1488 sq.
942 1456 974 1480 ln
993 1456 1016 1479 T
1035 1455 1068 1480 Τ.
1089 1454 1129 1480 εὐ.
1148 1461 1179 1479 τε
1199 1454 1244 1478 καὶ

99 1492 190 1524 ὄλβιος
204 1492 381 1518 ἀθανάτοιςιν
395 1493 514 1524 (reliqua
524 1493 552 1516 iu
563 1500 647 1524 marg.
662 1492 752 1524 suppl)
823 1499 848 1516 v.
862 1492 920 1516 827.
940 1489 1083 1521 ἐργάζεται
1097 1490 1144 1521 Mp
1180 1488 1246 1513 ἀθα-

98 1551 204 1578 νάτοιςῐ
221 1553 248 1576 Μ
326 1561 351 1578 ν.
365 1553 423 1577 828.
445 1533 548 1583 κρίνῳν
562 1560 594 1577 ex
609 1550 712 1583 κρίνειν
731 1560 764 1577 m.
784 1551 974 1575 recentissima
993 1550 1020 1573 M
1073 1529 1244 1579 finepssucir‘ffe

99 1594 132 1611 ex
151 1585 317 1618 ὑπερβαςίας
338 1586 382 1617 (m.
402 1586 484 1618 post.)
504 1581 532 1610 M
584 1588 617 1611 In
635 1588 663 1611 M
682 1587 779 1618 poffima
799 1585 927 1616 explicit:
947 1583 1029 1608 τέλος
1048 1582 1097 1607 ςὺν
1117 1583 1172 1607 θεῶ
1192 1583 1243 1606 τοῦ

97 1620 225 1651 ήςιόδουε
251 1622 278 1645 in
297 1621 319 1645 B
338 1620 418 1646 τέλος
437 1622 497 1645 τῶν
515 1620 627 1652 ἡςιόδου
646 1620 737 1652 ἔργων
757 1619 801 1644 καὶ
821 1618 945 1650 ἡμερῶν.
983 1619 1050 1642 Post
1069 1615 1207 1641 ἀλεείνων
1226 1616 1243 1640 S

97 1663 139 1678 om
163 1658 307 1687 punctum,
327 1663 377 1680 nec
401 1655 546 1686 quidquam
570 1655 754 1686 subscriptum
775 1656 816 1678 est
835 1661 887 1685 quo
907 1653 968 1676 finis
992 1651 1135 1675 indicetur.
1171 1651 1202 1674 In
1222 1651 1244 1674 T

98 1689 281 1721 subscriptum
303 1692 344 1713 est
362 1688 443 1714 τέλος
463 1688 584 1719 ήειόδου.
672 1688 791 1714 Τούτοις
809 1687 839 1712 δέ
858 1684 992 1717 ἑπάγουςί
1009 1692 1084 1710 τινες
1108 1684 1172 1716 τὴν
1191 1683 1245 1715 ὀρ·

98 1722 361 1755 νιθομαντείαν,
386 1722 403 1747 ἅ
421 1730 484 1748 τινα
504 1722 695 1749 Ἀπολλώνιος
715 1722 730 1748 ὁ
750 1721 853 1747 Ῥόδιος
873 1720 974 1745 ἀθετεῖ.
1011 1720 1142 1744 Proculus.

166 1810 195 1836 c.
216 1811 246 1835 ο.
281 1819 305 1837 v.
325 1810 374 1834 819
393 1817 432 1841 sq.
451 1810 505 1840 >—
526 1810 613 1840 Spohu
707 1816 736 1832 v.
754 1807 896 1831 825-8-28
920 1800 959 1832 ἀθ
983 1804 1062 1829 Steit:
1149 1811 1174 1828 v.
1194 1803 1244 1827 828

99 1846 250 1878 Goelelinyio
271 1843 404 1877 „aliunde
423 1844 475 1868 huc
495 1843 615 1875 rejectus
635 1850 695 1867 esse
715 1842 853 1867 videtur.“
