1561 2413
196 134 257 156 VIII
656 128 861 151 PRAEFATIO.

280 209 319 240 In
342 208 432 239 Scuto
456 207 500 237 eis
523 205 667 246 inprimis
691 204 791 245 copiis
814 215 888 235 usus
910 215 995 244 sum,
1019 215 1098 245 quae
1122 203 1214 234 annis
1240 202 1331 234 1866.

197 259 286 290 1867.
314 257 393 289 1869
423 256 576 295 Londini,
605 255 786 286 Florentiae
810 256 842 285 et
864 254 1010 285 Venetiis
1039 253 1162 295 collegi.
1209 252 1334 284 Gravis-

195 310 267 340 simi
295 310 390 339 testes
420 308 494 338 sunt
517 305 610 337 MFS.
657 305 777 342 Quibus
805 305 841 336 de
864 305 984 336 Italicis
1013 304 1152 335 codicem
1175 303 1333 335 Venetum

197 358 341 389 Triclinii
366 357 423 398 (v),
447 356 608 387 Venetum
631 356 766 386 alterum
782 355 851 396 (V),
874 354 1097 385 Florentinum
1122 356 1269 395 quartum
1282 354 1334 395 (s),

196 409 250 449 qui
273 410 347 449 post
368 419 397 439 v.
421 407 483 438 379
512 406 631 445 deficit,
661 405 895 446 „Mediceum“
923 404 1073 436 Dorvillii
1097 405 1144 446 (μ)
1168 406 1199 435 et
1221 404 1334 435 Parisi-

197 470 275 489 num
299 470 330 489 n.
355 458 438 489 2708
463 457 515 499 (C)
539 456 678 488 adiunxi.
703 475 743 479 —
770 455 905 486 Minoris
927 455 1022 495 pretii
1045 456 1120 485 sunt
1141 454 1281 485 subsidia
1301 455 1336 485 111

197 508 400 540 bibliothecis
429 508 543 548 Auylis
572 508 740 538 asservata.
785 505 994 537 Harleianum
1023 507 1054 536 et
1083 504 1301 536 Burneianum
1311 504 1335 544 ⁷)

196 561 263 600 ipse
295 559 431 598 excussi,
462 558 757 598 Cantalnigiensem
787 568 824 587 ex
854 556 1026 587 Gaisfordii
1050 558 1082 586 et
1103 555 1203 586 Paleii
1226 555 1336 586 editio-

200 611 294 641 nibus
323 609 487 650 cognitum
515 608 621 639 habui.
672 607 855 638 Editionem
886 606 1107 648 Paleianamss)
1142 605 1221 636 mihi
1251 605 1338 636 misit

200 660 230 692 J.
257 660 423 701 Odycrszssus
445 659 485 690 V.
509 659 557 700 cl7
580 660 689 699 pastor
712 656 1072 699 Bridgewateriensis.⁹)

282 727 321 758 In
337 728 491 767 apparatu
507 726 616 756 critico
633 724 853 765 componendo
876 724 1019 755 codicum
1036 724 1178 755 omnium
1193 742 1234 746 -
1250 725 1305 754 aut
1320 734 1338 753 a

199 789 251 809 me
275 779 330 808 aut
352 777 391 808 ab
415 777 485 807 aliis
507 776 695 807 collatorum
711 795 761 815 —,
784 786 919 815 quorum
934 775 969 806 in
984 775 1167 805 universum
1182 774 1338 805 rationem

196 828 314 868 habui,
337 827 490 858 lectiones
513 827 654 867 integras
678 826 826 866 apposui:
850 825 1046 865 reliquorum
1068 844 1109 847 —
1132 824 1266 855 (luorum
1288 823 1338 855 vel

198 879 339 920 plurium
362 897 402 900 —
426 888 615 908 consensum
645 877 761 918 siglum
784 885 807 916 p
835 875 964 907 indicat.
1009 875 1176 907 Lectiones
1206 875 1245 906 ab
1273 885 1338 905 uno

199 929 267 960 solo
292 928 398 959 codice
422 928 543 959 oblatas
566 938 695 967 perraro
719 926 974 957 commemoravi.

284 995 343 1026 His
372 994 564 1025 testimoniis
593 993 747 1024 accedunt
769 993 921 1024 le‘ctiones
944 992 1094 1033 Aldinae,
1124 991 1336 1032 Scholiorum,

201 1049 233 1077 et
255 1046 445 1086 scriptorum
468 1046 611 1075 veterum
635 1044 689 1084 qui
712 1045 824 1084 poetae
848 1054 955 1073 versus
979 1042 1124 1073 afferunt.
1144 1061 1185 1065 —
1209 1042 1339 1073 Codices

200 1107 325 1136 omnes7
355 1106 491 1136 quorum
520 1094 706 1125 collationes
738 1093 777 1124 ad
805 1104 864 1124 nos
892 1094 1121 1133 pervenerunt,
1156 1093 1189 1123 in
1222 1092 1339 1123 tabulis

199 1147 355 1187 poematis
379 1145 513 1186 singulis
536 1144 717 1185 praemissis
740 1144 976 1174 recensentur.“

283 1214 333 1244 Ita
349 1212 475 1253 quidem
492 1212 669 1243 Kinlselius.
707 1211 775 1242 Iam
790 1211 840 1242 his
857 1210 1016 1242 codicibus
1033 1222 1127 1252 quem
1150 1210 1189 1242 ad
1211 1210 1339 1242 modum

200 1265 248 1295 usi
272 1264 384 1303 simus,
416 1262 555 1293 breviter
577 1262 753 1293 dicendum.
799 1261 864 1292 Eos
888 1272 996 1292 omnes
1020 1272 1057 1292 ex
1081 1271 1143 1292 imo
1166 1261 1337 1301 archetypo,

201 1315 255 1356 qui
278 1313 373 1345 hodie
401 1324 467 1344 non
492 1313 560 1353 jam
590 1314 748 1353 superest,
778 1311 832 1342 sed
862 1312 966 1343 varios
995 1323 1052 1352 per
1080 1312 1186 1343 fontes
1214 1311 1340 1342 fluxisse

201 1365 294 1397 facile
324 1364 522 1405 perspicitur.
574 1362 682 1394 Unum
712 1362 809 1393 fuisse
844 1362 1050 1403 archetypum
1080 1373 1117 1392 ex
1147 1362 1222 1392 satis
1252 1361 1341 1403 larga

203 1415 458 1456 turpissimarum
496 1416 527 1444 et
564 1413 815 1453 corruptelarum
854 1414 885 1443 et
922 1412 1206 1453 interpolationum
1250 1412 1342 1452 copia

203 1467 349 1507 apparet,
374 1476 452 1504 quas
475 1464 508 1494 in
532 1464 633 1495 tribus
650 1463 842 1494 carminibus
859 1463 1001 1494 omnium
1018 1462 1162 1494 codicum
1186 1473 1339 1493 consensu

203 1517 304 1548 teneri
328 1515 479 1546 videmus.
518 1514 633 1545 Varios
656 1514 753 1544 fuisse
776 1513 897 1553 fontes7
920 1524 977 1554 per
993 1524 1072 1554 quos
1088 1513 1156 1553 ejus
1179 1513 1341 1553 archetypi

203 1568 360 1607 scriptura
381 1566 415 1596 in
439 1565 561 1596 codices
593 1575 671 1605 quos
700 1564 852 1595 habemus
881 1566 1058 1604 propagata
1081 1564 1136 1603 sit,
1167 1574 1203 1593 ex
1233 1574 1342 1594 eorum

206 1616 426 1657 discrepantiis
449 1615 656 1656 intellegitur,
681 1625 760 1655 quae
776 1614 907 1644 minime
929 1615 1064 1654 possunt
1087 1624 1195 1643 omnes
1218 1615 1342 1643 tantum

204 1667 356 1708 postremi
379 1666 531 1706 temporis
555 1664 834 1705 depravationibus
858 1664 906 1694 vel
930 1663 1179 1695 correctionibus
1195 1663 1341 1703 adtribui,

204 1718 258 1749 sed
281 1717 398 1758 partim
421 1716 459 1748 ad
482 1717 586 1756 ipsum
603 1715 809 1755 archetypum
826 1714 956 1755 ejusque
973 1713 1113 1745 indolem
1130 1713 1214 1744 haud
1231 1713 1342 1744 eodem

275 1853 299 1883 7)
323 1851 364 1877 De
388 1851 430 1876 his
455 1850 594 1876 codicibus
617 1849 671 1875 vid.
689 1849 811 1880 libellus,
837 1856 919 1882 quem
937 1856 962 1874 a.
981 1850 1046 1874 1866
1064 1847 1168 1880 publici
1191 1846 1258 1872 iuris
1275 1847 1341 1873 feci:

206 1895 263 1926 „De
283 1892 423 1919 codicibus
442 1891 585 1918 Hesiodcis
603 1891 739 1917 nonnullis
757 1890 786 1916 in
804 1889 905 1923 Anglia
923 1889 1099 1916 asservatis.“

275 1937 300 1967 8)
321 1934 400 1967 „The
419 1933 500 1967 Epics
523 1934 553 1959 os
569 1933 684 1964 Hesiod,
708 1933 774 1958 with
797 1941 833 1958 an
856 1931 971 1965 English
995 1931 1183 1964 commentary
1207 1931 1244 1963 by
1262 1930 1291 1956 F.
1310 1931 1342 1955 A.

206 1979 303 2010 Paley,
322 1976 357 2002 M.
377 1977 408 2002 A.
426 1975 554 2002 London:
577 1977 666 2003 185st

274 2022 299 2050 9)
328 2019 442 2044 Praeter
472 2016 579 2043 codices
609 2017 777 2043 memoratos
808 2015 918 2042 collatio
948 2023 1020 2041 nova
1050 2014 1150 2041 codicis
1178 2013 1240 2039 Par.
1268 2016 1341 2039 2708.

207 2060 360 2086 Muetzellzsszt
378 2060 405 2085 in
424 2068 503 2085 usum
522 2059 596 2084 facta
614 2058 693 2084 nobis
713 2066 842 2084 concessa
860 2057 919 2083 fuit.
954 2057 995 2083 Ex
1018 2056 1189 2082 bibliotheca
1205 2054 1344 2088 gymnasii

208 2102 404 2134 Berolinensis,
428 2102 471 2128 cui
489 2100 562 2134 regis
581 2108 682 2126 nomen
700 2099 861 2134 impositum
880 2100 934 2131 est,
958 2099 1150 2133 depromptam
1172 2097 1251 2123 nobis
1270 2096 1344 2122 misit

208 2144 392 2170 Eberhardus.
