1561 2413
192 127 227 149 Vl
655 121 858 144 PRAEFATIO.

278 201 338 232 Sed
362 203 411 240 ut,
435 200 488 240 qui
512 199 576 230 sint
599 199 706 238 optimi
722 198 836 229 horum
859 197 1033 228 carminum
1057 196 1188 235 codices,
1211 196 1326 236 pateat,

193 254 266 283 ante
290 251 397 282 omnia
419 250 517 291 ipsius
534 249 676 280 Koch-elii
698 249 734 280 (11·
756 248 909 279 codicibus
932 259 950 278 a
972 258 1004 277 se
1027 246 1176 277 adhibitis
1200 246 1328 276 breuem

193 303 408 334 mvrrafioncm
436 300 487 331 hie
516 300 717 340 praemittere
747 299 865 339 placet,
895 309 989 338 quam
1018 297 1067 328 his
1090 297 1194 327 verbis
1217 296 1255 327 ad
1278 307 1328 326 me

193 352 391 393 perscripsit:

278 451 430 492 „Hesiodi
453 450 575 482 codices
599 450 653 490 qui
669 450 708 481 ad
724 461 782 480 nos
798 450 1012 489 pervenerunt
1027 448 1065 479 ad
1082 447 1158 478 duas
1174 447 1330 478 referendi

194 505 269 534 sunt
296 502 448 541 familias,
484 512 616 542 quarum
645 500 744 531 altera
772 501 893 530 textum
923 499 1051 529 exhibet
1081 498 1182 539 qualis
1211 498 1284 528 inde
1313 509 1331 528 a

194 554 318 585 saeculo
342 553 381 584 V.
418 563 516 592 usque
550 551 589 582 ad
622 551 718 581 finem
751 550 867 581 saeculi
902 549 990 580 XIH.
1022 549 1197 587 ferebatur,
1232 548 1332 579 altera

195 604 378 635 recensione
419 603 531 633 nititur
566 613 582 632 a
617 600 897 642 grammaticorum
930 599 1182 640 Byzantinorum
1215 598 1331 629 scholis

195 655 346 696 profecta.
392 653 495 684 Huius
518 651 710 683 recensionis
726 652 836 682 auctor
852 650 913 681 fuit
920 675 928 690 ,
952 650 1014 680 nisi
1029 649 1133 689 fallor,
1153 647 1332 680 Demetrius

198 705 383 741 Triclinffls,
414 703 468 744 qui
491 714 516 734 c.
540 714 567 733 a.
595 702 676 733 1320
702 701 811 731 floruit
833 702 864 731 et
892 700 1031 731 codicem
1062 699 1250 740 conscripsit
1278 699 1331 739 qui

196 755 298 786 adhuc
321 754 466 784 Venetiis
490 753 587 794 <inter
610 751 789 783 Marcianos
812 762 842 781 n.
866 751 942 792 464)
965 752 1117 781 servatur.

282 804 435 836 Codicum
450 803 585 843 Operum
601 802 890 842 praestantissimus
906 803 953 832 est
968 801 1001 831 M
1018 801 1132 841 (Laur.
1142 800 1259 840 XXXI,
1269 800 1333 840 39),

198 856 306 897 rapide
340 857 371 886 et
398 854 599 895 negligenter
626 852 833 892 conscriptus.
885 851 1012 882 Scholia
1040 851 1229 892 marginalia
1257 861 1335 881 non-

198 906 301 946 nulla,
325 916 405 945 quae
428 907 535 934 tamen
558 904 623 933 fere
647 903 766 933 nullius
789 904 863 933 sunt
878 902 986 942 pretii,
1011 901 1147 932 exhibet.
1163 902 1183 941 ¹)
1222 901 1335 931 Manus

198 956 335 996 librarii,
359 955 413 995 qui
436 955 548 995 poetae
564 954 660 984 verba
675 953 816 993 scripsit,
839 952 932 983 nobis
948 953 1059 992 prima
1075 954 1131 983 est.
1170 951 1231 982 Sed
1246 963 1334 992 prae-

199 1010 285 1038 terea
312 1009 376 1036 tres
405 1015 517 1035 manus
546 1004 579 1034 111
608 1003 714 1034 codice
749 1004 917 1043 apparent:
956 1013 993 1033 ex
1027 1002 1140 1043 quibus
1169 1003 1336 1033 secundam

200 1069 269 1088 eam
292 1055 503 1097 appellamus,
527 1065 607 1095 quae
631 1064 752 1084 errores
775 1053 967 1084 multifarios
983 1065 1001 1084 a
1016 1053 1119 1093 prima
1141 1064 1237 1083 manu
1254 1064 1336 1083 com-

200 1108 312 1139 missos
343 1105 481 1137 correxit
503 1107 535 1136 et
557 1104 688 1136 omnino
718 1106 896 1142 διορθωτοῡ
925 1103 1067 1134 officium
1096 1103 1263 1144 praestitit.
1308 1104 1337 1133 A

195 1159 305 1198 prima
333 1156 484 1187 facillime
514 1155 667 1196 distingui
695 1156 809 1195 potest.
862 1154 969 1185 Tertia
996 1165 1108 1185 manus
1136 1153 1293 1185 nonnulla
1320 1165 1339 1184 a

202 1220 242 1239 m.
265 1208 306 1239 Π.
330 1207 553 1248 praetermissa
580 1205 748 1246 supplevit.
794 1204 931 1236 Maxime
960 1204 1111 1235 notabilis
1139 1205 1187 1235 est
1207 1205 1339 1244 propter

202 1258 431 1290 correctionem
468 1256 507 1287 ad
540 1268 568 1287 v.
597 1256 659 1287 ‘248
692 1255 921 1296 pertinentem,
956 1255 1008 1285 ubi
1042 1265 1100 1295 pro
1135 1254 1161 1285 ὧ
1195 1256 1338 1293 βαεῑλεῖε,

203 1311 290 1348 ὑμεῖς
314 1310 348 1340 δὲ
371 1308 604 1346 καταφράζεεθε
628 1307 677 1337 καὶ
705 1306 795 1337 αὐτοὶ
823 1305 944 1346 posuit:
981 1308 1017 1344 βη
1041 1306 1073 1336 δ’
1096 1305 1175 1337 ἰέναι
1200 1305 1283 1342 μάλα
1306 1305 1339 1336 δ’

203 1361 294 1391 ε’ώκει
316 1358 498 1396 γλαυκώπιε
521 1357 631 1395 ἀθήνη.
677 1357 728 1387 Ab
751 1356 800 1387 his
829 1356 976 1386 manibus
999 1355 1122 1385 diversa
1145 1357 1192 1385 est
1214 1357 1337 1394 quarta,

205 1421 285 1451 quae
308 1409 429 1440 calamo
453 1410 545 1438 acuto
564 1408 718 1438 instructa
734 1408 801 1438 erat
816 1408 848 1437 et
863 1406 964 1436 mult-a
978 1405 1074 1436 verba
1089 1405 1154 1435 sive
1172 1405 1339 1435 verborum

205 1462 347 1491 monstra
369 1458 500 1489 resolvit
522 1460 553 1488 et
577 1469 681 1488 veram
710 1457 878 1488 lectionem
907 1455 1054 1487 restituit.
1077 1475 1118 1478 -—
1141 1455 1235 1486 Hunc
1258 1455 1339 1486 codi-

206 1522 273 1541 cem
296 1511 363 1550 ipse
387 1519 494 1539 mense
518 1508 610 1538 Iunio
634 1519 661 1538 a.
689 1508 767 1538 1867
792 1509 895 1538 totum
918 1506 1048 1537 excussi.

291 1560 371 1591 Cum
387 1559 420 1589 M
437 1559 503 1589 fere
526 1569 650 1598 semper
672 1558 835 1598 conspirat
850 1569 884 1597 μ,
908 1557 962 1597 qui
984 1556 1078 1587 hodie
1101 1556 1134 1587 in
1150 1555 1342 1587 bibliotheca

206 1611 333 1652 publica
362 1609 524 1640 Messanae
553 1610 738 1639 asservatur.
783 1608 844 1638 Hic
873 1607 970 1637 codex
999 1606 1076 1636 mihi
1107 1617 1172 1637 non
1201 1606 1342 1637 diversus

207 1672 273 1693 esse
290 1660 415 1691 videtur
429 1659 468 1690 ab
485 1671 522 1690 eo
529 1684 537 1699 ,
561 1659 649 1689 cuius
672 1659 867 1689 mentionem
890 1657 966 1688 fecit
980 1657 1151 1687 Bluhmdus
1173 1656 1206 1686 in
1223 1655 1341 1686 Biblio-

209 1712 301 1743 theca
323 1711 476 1741 librorum
499 1709 787 1749 manuscriptorum
810 1708 921 1739 Italica
945 1706 1046 1747 (Gott.
1072 1706 1166 1747 1834)
1189 1717 1218 1746 p.
1235 1706 1342 1747 225²)

278 1847 301 1877 1)
320 1844 363 1870 Ad
381 1853 405 1870 v.
426 1847 451 1869 1:
471 1844 601 1876 δηλονότι
620 1844 677 1869 ἀπὸ
696 1845 745 1875 τῆ(
765 1842 883 1875 πιερίαε·
909 1843 925 1873 ή
946 1843 974 1868 δέ
997 1841 1088 1874 πιερία
1111 1841 1199 1866 τόπο(
1223 1841 1296 1866 ἐετὶν
1314 1841 1344 1866 ἐν

210 1891 250 1921 τῷ
271 1889 328 1920 ὄρει
347 1890 388 1919 τῷ
407 1887 518 1912 ἑλικῶνι
537 1887 568 1912 ἐν
588 1887 610 1918 ῴ
624 1886 651 1911 αἱ
665 1887 762 1916 μοῡεαι
774 1885 930 1910 διάκεινται.
966 1883 1009 1909 Ad
1022 1892 1046 1909 v.
1058 1886 1085 1909 9:
1105 1883 1195 1915 κλῦθι]
1216 1883 1343 1908 ἄκουεον.

210 1930 252 1955 Ad
271 1938 295 1955 v.
314 1931 358 1954 28:
386 1928 611 1960 κακόχαρτοε],ἡ
635 1928 680 1953 ἐπὶ
704 1929 780 1958 κακῷ
808 1926 945 1959 χαίρουεα.
980 1925 1024 1950 Ad
1042 1934 1065 1950 v.
1084 1927 1129 1950 82:
1160 1925 1342 1957 ἀλφηετῇειν]

212 1975 269 1997 τοῑ(
288 1972 447 2003 εὑρετικοῑε.
478 1970 520 1995 Ad
538 1978 579 1995 vv.
603 1972 648 1994 167
668 1977 740 2001 sqq.:
760 1969 867 1994 ἄλυπον
885 1969 938 2000 τὴν
956 1968 1032 1999 Ζωὴν
1051 1968 1273 1999 περιφραετικῶε
1293 1967 1344 1992 τὸν

213 2014 378 2045 παράδειεον
397 2012 592 2044 εὐφραντικὸν.
627 2011 670 2036 Ad
688 2020 712 2036 v.
731 2013 792 2036 ⁴204:
813 2009 976 2042 μεμαρπώς]
998 2009 1149 2039 (υλλαβών.
1185 2007 1227 2033 Ad
1245 2016 1268 2033 v.
1283 2010 1344 2033 568:

213 2055 347 2087 ὀρθογόη]
369 2055 438 2086 πρὸ(
458 2054 509 2079 τὸν
529 2055 654 2085 ὄρθρον
674 2054 773 2084 βοῶεα.
809 2051 885 2077 Haec
903 2050 1053 2084 specimina
1071 2049 1215 2075 sufficiant.

281 2098 306 2127 2)
337 2096 495 2127 „Hesiodus
518 2104 540 2121 c.
563 2095 645 2121 schol.
670 2094 792 2126 ineditis,
819 2094 850 2119 ut
876 2093 992 2120 videtur.
1028 2091 1142 2118 Membr.
1165 2094 1199 2117 4⁰.
1223 2100 1243 2117 s.
1268 2091 1345 2118 XII.“

214 2138 368 2164 Bmhmtus.
