1561 2413
243 614 282 645 Ἢ
307 613 358 652 οἵη
383 614 586 652 προλιποῦςα
608 612 728 650 δόμους
751 611 801 642 καὶ
823 610 959 649 πατρίδα
981 612 1077 647 γαῖαν

202 665 318 703 ἤλυθεν
342 664 374 695 ἐς
397 664 504 702 Θήβας
528 663 598 703 μετ’
622 663 735 702 ἀρήιον
759 661 983 701 Ἀμφιτρύωνα

202 715 373 753 Ἀλκμήνη,
397 715 536 753 θυγάτηρ
561 714 717 746 λαοςςόου
740 712 995 752 Ἠλεκτρύωνος,

204 766 223 804 ἦ
248 765 287 804 ῥα
309 769 470 802 γυναικῶν
494 767 601 804 φῦλον
625 764 772 796 ἐκαίνυτο
795 763 999 802 θηλυτεράων

182 861 340 885 Lam-lotus
359 867 507 884 VAmETAs:
544 859 586 884 De
605 859 682 883 Sonti
702 861 813 883 auctore
829 860 855 881 et
868 857 965 894 habim}
985 859 1099 881 externo
1118 858 1228 889 Argum.
1246 859 1262 883 Γ

116 894 152 927 (p.
166 896 214 920 108
227 893 329 918 Goettl.
345 893 386 918 ed.
401 894 449 925 11).
475 893 531 925 Τῆς
552 892 679 918 Ἀςπίδος
698 892 715 923 ἡ
736 891 805 924 ἀρχὴ
826 890 856 915 ἐν
874 892 916 923 τῷ
935 890 950 915 δ
973 890 1127 922 Καταλόγῳ
1147 892 1262 923 φέρεται

115 929 192 960 μέχρι
211 929 312 958 ςτιχῶν
326 924 405 952 ν’καὶ
419 923 443 955 ς’
456 926 508 959 (sic
522 928 634 957 Petitm3
655 923 678 951 ς’
691 926 790 953 coddA.
808 923 980 949 ὑπώπτευκε
999 924 1029 949 δὲ
1049 924 1260 958 Ἀριςτοφάνης,

113 962 167 993 οὐχ
185 962 200 988 ὁ
214 961 352 992 κωμικός,
374 961 444 986 ἀλλά
462 968 503 986 τις
523 960 632 992 ἕτερος,
652 958 856 991 γραμματικός,
877 957 915 983 ὡς
929 957 980 983 οὐκ
994 957 1080 983 οῦςαν
1093 958 1182 990 αὐτὴν
1197 961 1261 991 (τὴν

114 995 284 1022 ὁπλοποιίαν
296 994 405 1027 ταύτην
418 996 452 1021 V)
473 994 613 1025 Ἡςιόδου,
632 993 804 1024 ἀλλ“ἑτέρου
818 992 895 1017 τινὸς
913 992 968 1023 τὴν
986 991 1141 1024 Ὁμηρικὴν
1159 993 1261 1019 ἀςπίδα

114 1030 276 1061 μιμήςαςθαι
289 1028 519 1061 προαιρουμένου.
539 1028 690 1059 Μεγακλῆς
708 1027 737 1052 δέ
757 1027 772 1052 ὁ
792 1026 938 1058 Ἀθηναῖο(
957 1026 1072 1057 γνήςιον
1085 1026 1136 1057 μὲν
1149 1027 1208 1053 οἶδε
1227 1028 1261 1052 τὸ

114 1063 228 1096 ποίημα,
242 1063 336 1088 ἄλλως
349 1063 378 1088 δὲ
391 1062 503 1094 ἐπιτιμᾷ
515 1064 557 1094 τῷ
577 1062 703 1094 Ἣςιόδῳ.
727 1061 832 1091 ἄλογον
845 1059 897 1091 γάρ
910 1067 976 1091 φηςι
995 1061 1086 1085 ποιεῖν
1104 1061 1262 1092 Ἣφαιςτον

113 1099 173 1124 τοῖς
191 1098 242 1129 τῆς
263 1096 381 1129 μητέρος
401 1096 507 1128 ἐχθροῖς
526 1096 601 1121 ὅπλα
620 1095 788 1127 παρέχοντα.
819 1093 1010 1119 Ἀπολλώνιος
1029 1093 1058 1119 δὲ
1078 1094 1093 1119 ὁ
1112 1094 1219 1120 Ῥόδιος
1231 1095 1261 1120 ἐν

113 1134 155 1164 τῷ
174 1129 199 1162 γ’
218 1132 303 1162 φηςἰν
323 1130 411 1155 αὐτοῦ
432 1130 516 1161 εἶναι,
537 1130 566 1155 ἐκ
586 1137 616 1154 τε
635 1131 687 1154 τοῦ
707 1129 882 1161 χαρακτῆρος
901 1127 945 1152 καὶ
965 1127 995 1153 ἐκ
1013 1129 1064 1152 τοῦ
1084 1127 1136 1152 τὸν
1156 1129 1262 1154 Ἰόλαον

113 1166 142 1192 ἐν
166 1167 208 1197 τῷ
234 1164 387 1197 Καταλόγῳ
413 1163 547 1196 εὑρίςκειν
570 1163 743 1194 ἡνιοχοῦντα
765 1164 807 1194 τῷ
831 1161 969 1193 Ἡρακλεῖ.
1007 1161 1142 1187 ὡςαύτως
1167 1162 1260 1188 δὲκαὶ

114 1199 281 1232 ίτηςίχορός
299 1205 383 1230 φηςιν
402 1198 527 1223 Ἡςιόδου
547 1197 618 1223 εἶναι
636 1197 670 1222 τὸ
689 1195 803 1228 ποίημα.
833 1196 945 1228 Lonyin.
959 1196 991 1220 de
1005 1196 1114 1220 sublim.
1129 1197 1167 1222 IX
1180 1198 1197 1221 4
1210 1205 1259 1229 sq„

114 1235 191 1259 Senti
205 1242 228 1258 v.
240 1235 288 1258 267
302 1233 464 1265 respiciens,
479 1232 549 1256 haec
563 1232 665 1256 adicit:
685 1230 742 1262 εἴγε
756 1229 882 1256 Ἡςιόδου
896 1230 940 1254 καί
954 1230 1007 1261 τήν
1028 1228 1141 1255 Ἀςπίδα
1153 1231 1260 1256 θετέον.

113 1268 147 1298 (Α
166 1268 327 1292 recensione
347 1267 498 1291 carminum
516 1266 716 1290 Hesiodeorum
735 1273 752 1289 a
772 1265 900 1289 Pausania
918 1264 957 1287 IX
976 1265 1007 1288 31
1028 1265 1042 1293 ἓ
1061 1265 1077 1288 4
1097 1265 1174 1288 facta
1193 1265 1261 1289 Scu-

114 1307 169 1327 tum
189 1300 290 1332 abest.)
314 1301 436 1325 Theodos.
457 1300 577 1324 Gramm.
598 1301 666 1331 p.54
681 1299 782 1324 Goettl.
803 1298 932 1329 (quocum
951 1299 1131 1322 consentiunt
1151 1299 1259 1325 Gratum,

114 1344 158 1368 ap.
177 1336 276 1360 Villois.
296 1343 340 1359 au.
362 1335 408 1359 Gr.
428 1335 456 1358 11
474 1343 500 1366 p.
521 1335 578 1358 174.
597 1333 680 1357 Bekk.
699 1341 743 1358 an.
763 1332 808 1357 Gr.
829 1333 923 1364 p.672.
938 1332 1022 1361 1165.)
1045 1331 1211 1362 Ἀναγκαῖον
1230 1333 1259 1358 δὲ

113 1369 170 1400 πρὸ
192 1370 243 1400 τῆς
266 1368 389 1393 καθόλου
414 1368 502 1399 πάεη(
526 1366 620 1398 βίβλου
645 1366 769 1398 εἰςβολῆς
788 1365 823 1390 τὰ
842 1365 869 1391 ἓξ
888 1365 1026 1396 κεφάλαια
1045 1367 1136 1390 ταῦτα
1154 1367 1258 1398 Ζητεῑν,

114 1404 184 1428 ὀντα
202 1403 247 1428 καὶ
267 1402 339 1427 αὐτὰ
352 1402 503 1432 ἀναγκαῖα·
523 1401 694 1432 ἐπιγραφήν,
708 1399 894 1432 ςυγγράφειαν
907 1400 936 1429 (l.
948 1399 1128 1431 ςυγγραφὲα),
1142 1401 1259 1431 ςκοπόν,

113 1436 260 1468 χρήςιμον,
284 1436 362 1462 τάξιν
385 1436 430 1460 καὶ
454 1435 533 1460 τέλος
562 1454 670 1460 .......
694 1433 855 1466 ςυγγραφὲα
873 1432 918 1464 δέ,
937 1432 984 1458 ἵνα
1002 1433 1206 1465 καταλάβωμεν
1225 1435 1259 1460 τὸ

113 1470 273 1496 ἀξιόπιςτον
296 1471 347 1496 τοῦ
372 1469 602 1501 ςυγγραψαμὲνου
631 1469 676 1493 καὶ
699 1468 733 1493 τὸ
762 1468 878 1499 γνήςιον
901 1468 951 1498 τῆς
977 1469 1138 1499 ςυγγραφῆς
1161 1468 1258 1495 αὐτοῦ.

113 1504 163 1530 εἰεί
181 1504 234 1536 γὰρ
254 1504 345 1530 πολλὰ
363 1503 580 1534 ψευδεπίγραφα
598 1504 658 1527 τῶν
678 1501 804 1533 βιβλίων,
829 1501 868 1527 ὡς
887 1501 904 1532 ἡ
926 1501 1018 1526 Ἀςπὶς
1037 1501 1179 1531 Ἡςιόδου,
1199 1502 1259 1533 ἥτις

113 1538 164 1564 οὐκ
183 1538 258 1564 ἐςτιν
277 1537 417 1567 Ἣςιὸδου,
443 1537 509 1562 ἀλλ’
527 1537 623 1568 ἑτέρου
646 1536 737 1567 τινός,
761 1535 792 1561 ὃς
811 1535 947 1566 ἐχρήςατο
971 1534 1112 1567 ἐπιγραφῇ
1133 1537 1177 1560 καὶ
1197 1536 1259 1562 ὀνο·

114 1571 195 1605 μαςίᾳ
214 1571 354 1602 Ἠςιόδου,
376 1571 424 1596 ἰ’να
441 1571 475 1596 τὸ
496 1570 601 1602 ποίημα
624 1572 704 1602 κριθῇ
732 1569 809 1595 ἄξιον
836 1569 1024 1599 ἀναγνώςεω(
1048 1569 1091 1594 διὰ
1115 1571 1165 1601 τῆς
1188 1570 1259 1596 ἀξιο-

112 1604 234 1632 πιςτείας
259 1606 286 1638 (l.
307 1605 486 1636 ἀξιοπιςτίας)
510 1606 562 1630 τοῦ
582 1606 700 1636 ποιητοῦ
721 1603 853 1629 Ἡςιόδου,
891 1604 999 1628 Gramm.
1019 1604 1092 1635 apud
1112 1605 1194 1629 Franz.
1215 1613 1259 1630 an.

112 1641 200 1665 Oxou.
221 1641 258 1664 IV
276 1642 325 1665 315
344 1640 377 1664 de
397 1640 544 1672 generibus
564 1640 632 1663 artis
651 1639 765 1663 criticae
785 1639 938 1662 disserens:
957 1635 1059 1662 Ἕκτον
1078 1636 1162 1669 κρὶςις
1182 1646 1259 1670 ποιη-

113 1674 223 1705 μάτων·
243 1673 336 1698 πολλὰ
354 1673 406 1705 γὰρ
426 1672 600 1704 νοθευόμενά
618 1672 701 1703 ἐςτιν,
722 1671 760 1697 ὠς
774 1671 790 1702 ἡ
807 1670 984 1702 (οφοκλέους
1004 1670 1161 1703 Ἀντιγόνη.
1184 1672 1258 1703 λέγε-

111 1715 157 1734 ται
174 1707 227 1739 γὰρ
247 1707 318 1733 εἶναι
339 1707 531 1739 Ἀντιφῶντος
551 1707 581 1737 (1.
602 1707 766 1737 Ἰοφῶντος)
785 1706 837 1730 τοῦ
858 1704 1033 1736 (οφοκλὲους
1059 1704 1129 1730 υἱοῦ.
1153 1705 1258 1737 ὁμοίως

112 1744 147 1767 τά
168 1741 319 1773 Κυπριακά,
338 1741 384 1766 καί
397 1742 411 1766 ὁ
425 1740 581 1773 Μαργίτης,
603 1740 721 1772 Ἀράτου
740 1739 775 1764 τὰ
789 1738 903 1769 Θυτικά,
923 1739 968 1764 καὶ
986 1738 1021 1763 τὰ
1040 1739 1103 1770 περὶ
1125 1739 1257 1771 Ὀρνέων,

112 1774 239 1802 Ἡςιόδου
259 1774 361 1801 Ἀςπίς.
455 1775 603 1806 Inscriptio
622 1775 650 1798 in
669 1783 698 1798 v:
719 1773 846 1799 Ήςιόδου
866 1772 946 1798 ἀςπὶς
965 1772 1134 1804 ἡρακλέους.
1170 1775 1202 1798 In
1221 1775 1257 1798 B:

112 1810 191 1836 ἀςπίς
210 1809 331 1839 ήςιόδου.
362 1810 393 1834 In
406 1809 526 1834 Monam
546 1808 671 1833 Ἡςιόδου
691 1808 805 1840 πόνημα
824 1807 888 1839 περὶ
905 1808 956 1838 τῆς
976 1806 1089 1832 ἀςπίὸος
1107 1809 1158 1832 τοῦ
1178 1807 1258 1839 Ἡρα-

114 1844 219 1870 κλέους.
245 1844 277 1868 Ιιι
295 1844 408 1875 reliquis
421 1842 533 1874 ήςιόδου
546 1841 635 1867 ἀςπίς.
662 1842 859 1874 (Inscriptione
879 1844 955 1865 caret
974 1841 1008 1871 F)
1079 1849 1103 1866 v.
1118 1844 1140 1866 l.
1160 1842 1190 1867 Ἡ
1210 1842 1256 1874 οἴη

111 1896 159 1921 MS
178 1876 220 1926 (ᾖ
241 1895 269 1925 S)
288 1903 304 1919 v
324 1894 343 1919 Η
360 1893 406 1925 οϊη
419 1894 441 1918 F
463 1892 531 1925 Ηοίη
550 1902 562 1917 s
585 1892 602 1923 ἡ
623 1892 668 1924 οἴη
689 1893 758 1925 CHp
777 1891 822 1923 οἵη
842 1893 900 1917 siue
919 1892 936 1923 ἢ
957 1893 978 1916 Β
997 1900 1014 1923 η
1033 1891 1078 1924 οϊη
1099 1899 1135 1925 ap
1155 1891 1217 1925 τοίη
1238 1900 1256 1924 p

112 1930 164 1961 <De
184 1930 278 1955 multis
297 1928 373 1953 codd.
393 1928 432 1952 nil
451 1928 571 1976 consta't)
590 1926 654 1959 ἠοίη
674 1927 758 1952 Schol.
778 1927 846 1952 Ven.
866 1927 900 1950 ad
919 1927 951 1951 ΙΙ.
966 1925 989 1951 Τ
1001 1927 1060 1951 342.
1128 1926 1216 1957 δόμον
1234 1928 1256 1951 E

179 1989 204 2005 v.
224 1982 248 2007 2.
269 1979 308 2005 εἰς
326 1980 387 2004 FsE
463 1979 536 2009 Ἀμφ
550 1995 551 1998 =
563 1978 679 2010 τρύωνα
698 1979 720 2002 F
742 1977 933 2008 Ἀμφιτρύονα
952 1978 997 2002 SH
1091 1986 1116 2002 v.
1135 1979 1160 2003 3.
1180 1977 1257 2002 Ἠλε-

113 2016 255 2046 κτρυῶνος
275 2014 320 2038 Μν
419 2021 444 2038 v.
463 2014 488 2038 4.
506 2012 544 2043 ἣν
564 2013 624 2044 (sed
643 2012 680 2043 ἣν
697 2013 725 2037 in
744 2012 801 2042 ras)
820 2011 855 2043 ῥα
873 2012 895 2036 F
913 2011 950 2042 ἢν
968 2011 1003 2044 ῥὰ
1022 2018 1060 2043 μυ
1079 2010 1096 2042 ἦ
1116 2011 1150 2043 ῥὰ
1170 2012 1255 2043 Sva

895 2053 936 2070 ων

113 2074 129 2105 ἢ
149 2074 184 2106 ῥα
201 2075 223 2098 Β
293 2073 424 2099 ἐκαίνυτο
442 2073 471 2097 Μ
488 2071 636 2097 ἑκαίννυτο
654 2072 692 2104 Sp
752 2071 892 2104 θηλυτερά
919 2079 961 2096 ων
980 2073 1002 2096 F

181 2158 358 2184 emmenum
379 2166 589 2184 conss—:crunam
610 2166 635 2183 v.
651 2159 672 2183 1.
691 2156 755 2190 ἠοίη
771 2158 851 2189 Guiet,
871 2157 888 2187 ἡ
908 2155 953 2188 οἰή
974 2157 1101 2182 Robinson
1119 2157 1255 2182 Eoearum

113 2193 250 2218 initiorum
268 2193 360 2225 ignari
