1561 2413
272 106 333 136 160
753 110 921 135 ΗΣΙΟΔΟΤ

358 191 537 230 δαιδαλέην,
562 192 758 231 ἀδάμαντος,
781 193 831 224 ἐπὶ
853 194 1028 233 κροτάφοις
1051 194 1216 234 ἀραρυῖαν,

356 242 374 279 ἥ
398 242 430 272 τ’
453 241 559 280 εἴρυτο
583 243 662 281 κάρη
685 243 860 281 Ἡρακλῆος
883 244 990 276 θείοιο.

397 292 482 330 χερςί
504 303 540 329 γε
563 293 618 331 μὲν
643 293 735 324 ςάκος
759 293 823 324 εἷλε
846 295 1039 327 παναίολον·
1065 295 1140 327 οὐδέ
1163 307 1207 327 τις
1230 297 1310 328 αὐτὸ

273 346 321 370 1⁴0
354 341 429 373 οὔτ’
451 342 561 381 ἔρρηξε
586 344 693 382 βαλὼν
716 343 788 374 οὔτ>
812 343 941 383 ἔθλαςε,
964 347 1066 383 θαῦμα
1089 345 1213 377 ἰδέςθαι.

398 428 462 458 πᾶν
485 427 540 465 μὲν
563 428 623 466 γὰρ
646 428 751 468 κύκλῳ
773 428 889 469 τιτάνῳ
913 431 1015 471 λευκῷ
1039 430 1071 460 τ’
1094 430 1243 470 ἐλέφαντι

359 477 500 518 ἠλέκτρῳ
524 478 556 508 θ’
579 478 765 516 ὑπολαμπὲς
788 478 854 517 ἔην,
877 483 982 521 χρυςῷ
1004 490 1037 511 τε
1061 484 1184 522 φαεινῷ

355 528 571 567 λαμπόμενον,
595 528 715 559 κυάνου
739 529 774 559 δὲ
796 529 847 560 διὰ
869 530 986 568 πτύχες
1008 530 1175 568 ἠλήλαντο.

399 578 434 610 ἐν
457 579 556 618 μέςςῳ
581 579 615 609 δὲ
638 579 815 617 δράκοντος
838 579 893 618 ἔην
916 580 1021 619 φόβος
1044 581 1083 612 οὔ
1106 592 1133 612 τι
1156 583 1303 621 φατειός,

355 683 392 711 R.
409 683 448 710 D.
478 693 507 711 v.
527 683 596 711 144.
620 680 654 710 δὃ
670 680 851 718 ἀδάμαντος
867 681 922 719 ἔην
939 681 1045 721 Φόβος

1158 761 1183 784 υῑ

335 792 367 815 L.
388 791 419 817 V,
455 799 480 814 v.
502 792 556 815 137.
576 789 719 822 δαιδαλίην
738 792 782 822 Fp
835 790 995 822 ἀδάμαντον
1013 798 1032 824 p
1085 792 1218 824 &popllluv
1232 802 1264 818 ex
1283 793 1408 826 ἀραρῆαν

268 833 327 849 corr
346 825 367 849 F
436 833 460 849 v.
474 825 529 849 138.
550 823 644 855 εἵρυτο
662 825 683 848 F
703 824 804 855 ἕρρυτο
815 826 859 849 VC
879 825 967 857 ἥρυτο
987 826 1037 850 Ssv
1056 825 1149 858 εἴρυτο
1169 827 1265 859 reliqui
1318 827 1408 859 κάρην

269 860 310 889 Fp
330 858 431 890 κάρην’
449 859 475 882 Η
493 857 562 889 κάρυ
581 859 603 882 Ε
708 866 731 882 ν.
753 860 809 883 139.
829 860 899 883 Huic
916 860 1009 884 versui
1028 860 1056 884 in
1075 860 1160 884 SCEa
1178 861 1286 885 Monac.
1306 862 1368 886 Par,
1383 862 1406 885 D

268 893 391 924 praefixa
411 892 447 923 (in
467 893 484 916 S
504 893 531 916 in
545 892 642 923 marg.)
662 892 762 923 legitur
781 900 851 916 nova
871 894 1025 924 inscriptio:
1047 893 1130 925 Ἀρχὴ
1149 895 1199 925 τῆς
1219 894 1340 919 ἀςπίδος.
1377 896 1407 919 In

268 927 357 952 Palat.
371 927 584 958 superscriptum
599 928 641 949 est
660 925 742 956 Ἀρχὴ
757 927 808 950 τοῦ
828 926 1034 957 ἐπιγράμματος
1052 929 1102 959 τῆς
1121 927 1242 953 ἀςπίδος.
1284 928 1368 959 γέμεν
1387 930 1407 953 C

268 959 296 984 δέ
309 969 356 992 pro
369 967 401 990 γε
415 960 504 991 ΡμΗι)
523 967 554 990 γε
569 967 610 983 om
624 965 642 990 p
696 960 751 990 μὴν
764 961 856 984 FvHE
878 961 948 992 apud
961 961 1041 991 Gaisf.
1055 967 1074 993 p
1128 961 1209 987 ςὰκος
1228 962 1255 986 Μ
1302 962 1359 993 εἶχε
1380 963 1405 986 Μ

321 1002 476 1050 παέαίολον
491 1020 535 1049 (m.
549 1018 650 1047 ead.)F
702 1017 767 1042 οὐδὲ
785 1019 827 1044 τὶς
847 1027 863 1043 a
932 1027 976 1044 vv.
992 1021 1122 1044 140—143
1142 1022 1169 1044 in
1188 1021 1204 1044 S
1224 1021 1251 1044 in
1270 1022 1325 1045 ima
1343 1030 1405 1053 pag.

268 1054 366 1085 scripti
377 1056 439 1077 sunt
450 1052 553 1084 (rubro)
601 1060 624 1076 v.
637 1053 692 1091 1340.
704 1051 768 1076 οὐδ’
778 1052 834 1077 ἔθλ.
845 1054 866 1076 F
902 1054 992 1084 θᾶυμα
1004 1062 1019 1077 a
1066 1062 1090 1078 v.
1103 1055 1157 1078 141.
1172 1054 1255 1086 λευκῇ
1267 1055 1311 1079 vel
1322 1055 1406 1086 λευκή

272 1105 342 1136 FHp
413 1112 438 1128 v.
454 1105 509 1127 142.
530 1085 656 1137 ἠλέκτρῗμ
677 1103 717 1132 (θ’
735 1103 788 1127 add
807 1111 840 1129 m.
861 1104 884 1133 I)
904 1104 924 1127 C
977 1103 1155 1135 ὑπερλαμπές
1175 1105 1246 1136 ΜΕῙ)
1267 1104 1406 1135 ὑπεκλαμ-

268 1138 319 1163 πὲς
338 1144 357 1169 p
445 1146 469 1161 v.
492 1139 548 1161 143.
567 1137 749 1167 λαμπόμενον
768 1138 795 1160 Μ
814 1137 995 1167 λαμπόμενον
1014 1138 1100 1169 primo
1119 1139 1220 1168 omiss.,
1239 1141 1334 1170 postea
1354 1139 1407 1162 add

268 1173 295 1196 in
316 1179 402 1203 marg.
424 1172 440 1195 S
506 1170 535 1195 δὲ
555 1179 596 1195 om
616 1174 633 1196 S
704 1172 807 1195 κυανοῦ
828 1171 850 1194 F
919 1171 962 1195 διὰ
981 1171 1088 1202 πτύχας
1107 1172 1134 1195 Μ
1152 1171 1301 1202 διαπτύχες
1319 1173 1405 1204 FvCp

266 1205 432 1235 διαπτύχεες
448 1211 483 1236 ap
520 1203 661 1235 ἠλήςαντο
682 1205 703 1228 Ε
767 1212 792 1230 ν.
809 1206 864 1228 144.
884 1204 957 1237 μέςῳ
977 1205 1014 1236 Sp
1035 1204 1065 1229 ἐν
1084 1204 1172 1236 μέςςῳ
1192 1204 1221 1230 δὲ
1240 1205 1404 1237 δράκοντος]

267 1247 311 1270 γρ,
330 1239 360 1263 ἐν
380 1238 466 1270 με’ςςῳ
486 1238 520 1263 Δ’
541 1237 771 1264 ἈΔΑΜΑΝΤΟΕ
790 1239 872 1263 Selzol.
887 1240 993 1262 Monac.
1014 1236 1084 1270 [cod.
1098 1237 1140 1271 91]
1161 1247 1240 1270 quam
1260 1239 1405 1264 lectionem

268 1274 351 1297 etiam
374 1273 486 1297 Tzetzam
505 1272 633 1297 habuisse
655 1282 686 1297 ex
706 1272 764 1303 ejus
783 1273 876 1296 scholio
896 1273 930 1296 ad
950 1273 974 1296 h.
988 1280 1014 1296 v.
1034 1275 1122 1304 patet:
1142 1272 1263 1297 ἐνταῦθα
1282 1280 1405 1303 ςωματο-

267 1308 341 1331 ποιεῖ
359 1306 411 1331 τὸν
430 1306 529 1336 φόβον,
549 1305 587 1330 ὡς
606 1307 640 1331 ἂν
658 1306 687 1331 ἐν
705 1307 746 1337 τῷ
767 1305 840 1337 μέςῳ
860 1305 892 1330 ἐξ
911 1305 1104 1336 ἀδάμαντος
1123 1305 1159 1337 ἦν
1177 1306 1306 1337 οὐδαμῶς
1324 1307 1406 1331 δυνα-

268 1340 351 1371 μένου
370 1340 514 1372 ῥηχθῆναι.
538 1341 683 1372 Vulgatam
699 1343 793 1365 contra
807 1340 889 1364 etiam
904 1341 1009 1366 Diacon.
1025 1342 1052 1364 et
1065 1340 1146 1366 Schol.
1157 1341 1283 1372 par-aphra
1297 1343 1406 1365 tuentur

300 1374 359 1406 ἕην,
378 1373 466 1405 φόβος
486 1382 501 1397 a
553 1374 686 1405 φατεινὸς
705 1375 726 1398 Ε

335 1468 365 1492 C.
386 1468 416 1491 (¹.
451 1475 477 1491 v.
498 1468 638 1491 141—317
658 1467 748 1498 clupei
767 1467 976 1498 descriptionem
997 1467 1170 1491 continentes
1190 1467 1328 1498 antiquius
1347 1475 1404 1491 car-

267 1510 327 1526 men
348 1510 418 1532 esse,
438 1501 481 1525 oui
500 1501 605 1531 reliqua
619 1509 635 1524 a
649 1501 794 1532 rliapsodis
808 1504 905 1532 postea
919 1500 1015 1524 addita
1025 1501 1136 1530 fuerint,
1150 1501 1256 1532 putavit
1273 1501 1403 1529 leiersclc;

265 1537 355 1568 potius
383 1536 416 1559 ab
445 1535 629 1558 Alexandrino
655 1535 746 1565 aliquo
771 1535 852 1566 posta
879 1535 1009 1564 insertos,
1034 1534 1216 1565 antiquiorem
1236 1536 1325 1558 autem
1343 1537 1405 1565 post

265 1579 289 1596 v.
311 1571 358 1594 140
381 1569 473 1593 statim
496 1569 619 1600 posuisse
639 1577 663 1593 v.
683 1569 732 1592 318
750 1582 782 1585 -
801 1568 891 1598 θαῦμα
915 1566 1028 1598 ἰδὲςθαι,
1046 1570 1049 1598 Ι
1065 1568 1156 1598 θαῦμα
1181 1566 1248 1592 ἰδεῖν
1272 1567 1316 1592 καὶ
1335 1567 1404 1599 Ζηνί

265 1617 296 1621 —-
316 1603 507 1634 suspicabatur
528 1602 652 1633 Goettliny
674 1603 850 1633 impugnatus
874 1602 908 1625 ab
928 1602 1087 1631 Jlermann03
1115 1609 1214 1632 ‚‚eum‚
1239 1602 1283 1633 qui
1303 1602 1404 1633 primus

266 1637 394 1661 Herculis
422 1644 481 1660 cum
511 1636 602 1667 Cycno
630 1643 748 1667 pugnam
776 1638 929 1664 narrasset,
961 1635 1068 1659 omnino
1096 1636 1167 1659 scuti
1194 1635 1403 1666 descriptionem

267 1671 368 1695 nullam
396 1670 605 1701 conscripsisse,
630 1669 679 1693 sed
706 1669 867 1701 simpliciter
894 1671 999 1692 scutum
1026 1670 1099 1692 inter
1122 1671 1217 1692 cetera
1240 1677 1316 1692 arma
1341 1677 1404 1693 con-

266 1706 443 1728 numerasse·‘
463 1704 587 1727 versibus
606 1703 658 1727 hoc
677 1704 753 1727 modo
773 1703 905 1727 ordinatis
925 1705 952 1726 et
970 1702 1090 1734 seriptis:
1110 1710 1135 1726 v.
1155 1703 1203 1726 128
1222 1701 1291 1733 ἀμφὶ
1310 1701 1339 1726 δ’
1356 1701 1404 1733 ἄρ’

266 1738 378 1768 ὤμοιςιν
398 1737 498 1768 βάλετο
518 1735 596 1767 Ξίφος
615 1736 802 1768 ἀργυρόηλον,
827 1745 852 1762 v.
871 1738 920 1760 319
939 1735 1068 1766 χάλκεον·
1092 1735 1181 1767 αὐτὰρ
1206 1735 1304 1760 ἔπειτα
1322 1735 1403 1760 ςάκος

266 1772 334 1802 μέγα
353 1778 384 1796 τε
403 1770 532 1802 ςτιβαρόν
550 1777 594 1795 τε·
614 1779 638 1795 v.
655 1771 787 1795 136—138
800 1770 920 1801 κρατὶ-
932 1768 1029 1794 θείοιο’
1050 1777 1074 1793 V.
1091 1771 1138 1793 135
1157 1768 1247 1794 εἵλετο
1266 1769 1294 1793 δ’
1313 1769 1403 1800 ὄμβρι-

266 1813 318 1835 μον
346 1805 428 1835 ἔγχος
455 1804 614 1835 ἀκαχμένον
641 1804 697 1829 ὁξὲι
724 1804 818 1835 χαλκῷ
843 1807 870 1828 et
892 1812 918 1828 v.
937 1805 986 1828 320
1012 1802 1165 1834 ἀρςάμενος
1189 1802 1327 1834 παλάμῃςι
1350 1806 1402 1828 etc.

266 1840 453 1863 demonstrare
474 1842 587 1862 conatus
608 1840 649 1862 est
668 1839 770 1862 Deiters
788 1846 813 1869 p.
825 1839 924 1862 57—60
992 1845 1017 1861 v.
1039 1838 1086 1861 138
1104 1830 1143 1863 ἀθ
1162 1837 1241 1868 Paley
1309 1844 1334 1862 v.
1346 1838 1403 1861 141.

265 1872 360 1904 κυάνῳ
379 1880 427 1904 pro
445 1872 549 1903 τιτάνῳ
571 1872 631 1902 conj
652 1873 754 1896 Deiters
773 1880 797 1903 p.
816 1872 857 1895 61.
937 1879 963 1896 v.
984 1872 1031 1895 143
1051 1870 1142 1901 „haud
1161 1871 1242 1894 dubie
1262 1870 1402 1902 spuriuni⁴‘

267 1907 383 1938 putabat
401 1906 493 1937 Hegsne
512 1906 545 1930 ad
567 1905 584 1930 C
603 1907 661 1936 481,
681 1906 726 1929 cui
745 1905 928 1936 adstipulatus
948 1907 992 1929 est
1010 1905 1112 1929 Deiters
1130 1904 1147 1929 l.
1163 1912 1185 1929 c.
1222 1903 1402 1935 λαμπόμενον

265 1943 376 1972 propter
388 1939 553 1963 antecedens
572 1938 735 1969 ὑπολαμπές
749 1942 905 1970 suspectum
917 1939 1012 1970 Paleyo
1082 1946 1108 1962 v.
1122 1938 1252 1962 144—153
1271 1937 1402 1961 insulsam

266 1982 325 1998 csse
345 1973 525 1997 imitationem
544 1974 692 2004 „egregiae
713 1972 861 2004 imaginis⁴⁴
879 1980 905 1998 v.
917 1973 1049 1996 161—167
1068 1972 1184 2003 putabat
1201 1971 1284 1995 Lehrs
1303 1979 1328 2002 p.
1343 1972 1400 2001 245,

266 2010 361 2031 contra
380 2007 508 2031 draconis
526 2007 672 2038 imaginem
695 2006 955 2038 interpolationibus
974 2008 1116 2037 purgatam
1141 2005 1322 2036 antiquiorem
1342 2012 1401 2028 esse

265 2042 381 2073 probare
399 2041 504 2065 studuit
521 2041 624 2065 Deiters
642 2049 667 2072 p.
686 2042 717 2064 41
737 2048 795 2071 sqq.
876 2048 900 2064 v.
920 2041 1004 2064 144—
1016 2040 1062 2063 167
1080 2041 1136 2062 tres
1156 2039 1289 2062 contineri
1308 2046 1401 2062 reeen-

265 2076 369 2103 siones,
389 2082 502 2106 quarum
520 2075 607 2106 prima
626 2082 649 2098 v.
663 2075 710 2098 144
729 2074 768 2103 (δ’
781 2073 937 2104 ἀδάμαντος
950 2073 1000 2104 ἔην
1013 2071 1116 2102 Φόβος)
1135 2079 1174 2103 sq.
1196 2072 1243 2095 154
1262 2070 1326 2102 <non
1346 2073 1401 2101 149,

265 2112 294 2132 ut
314 2116 403 2133 errore
419 2116 547 2133 excusum
562 2108 613 2137 est)
626 2121 656 2125 -
669 2109 716 2131 100
730 2115 789 2131 cum
802 2108 916 2132 Terrore
936 2107 1036 2131 bellica
1054 2106 1166 2129 numina
1181 2104 1294 2135 juncta,
1315 2105 1402 2129 altera

264 2150 289 2168 v.
312 2144 358 2166 144
379 2142 420 2174 (δέ
438 2141 591 2173 δράκοντος
610 2141 659 2174 έην
678 2140 776 2172 φόβος)
788 2154 819 2158 --
832 2143 879 2165 153
898 2141 1025 2165 draconis
1044 2139 1129 2164 solam
1149 2139 1304 2171 imaginem,
1318 2139 1402 2163 tertia
