1561 2413
258 157 332 179 XXII
571 154 740 177 ADDENDA
764 155 808 177 ET
832 155 1065 180 CORRIGENDA.

257 233 353 273 Lips.)
369 251 410 255 —
425 232 479 269 ἠδ’
494 233 584 262 Schol.
603 233 638 261 ad
655 233 776 262 Theocr.
793 233 821 260 V
837 234 886 262 98.
908 250 948 254 —
969 244 998 263 v.
1016 235 1085 263 789.
1102 232 1224 271 ψεύδεα
1239 232 1271 263 θ’
1288 232 1349 271 αἰμ.
1366 245 1391 262 a.

257 293 298 298 ——
314 287 342 306 v.
361 277 430 305 792.
445 274 556 313 ἵετορα
570 276 661 304 etiam
677 285 701 303 a.
720 292 758 296 —
774 285 801 304 v.
820 277 888 304 794.
905 274 1017 315 δεκάτῃ
1034 287 1059 304 a.
1079 292 1113 296 —
1131 287 1158 305 v.
1176 278 1246 306 798.
1263 275 1392 313 φθίνον-

257 327 312 348 τοε
328 317 360 348 θ’
376 329 401 347 a.

342 370 370 389 v.
387 361 457 389 803.
474 357 636 397 Ἐριννύαε
652 360 739 388 etiam
756 369 780 387 a.
797 376 833 380 —-
850 370 877 389 v.
892 361 961 389 806.
980 358 1195 390 ὀπιπτεύοντα
1209 362 1299 390 etiam
1315 371 1339 388 a.
1354 377 1392 380 —

258 403 333 430 Ibid.
358 401 538 440 (Commen‘n.
555 412 582 439 p.
602 402 675 437 140,
692 402 712 429 1.
730 400 770 439 7.)
794 401 852 430 Pro
877 400 1075 441 ,,εὐοχάλῳ“
1096 403 1131 431 L:
1154 401 1336 441 &30dequ
1354 419 1393 423 —-

260 455 287 473 v.
304 445 374 473 810.
393 442 550 473 ἐπιδείελα
566 444 655 472 etiam
671 453 696 471 a.
711 458 752 463 —
767 453 794 472 v.
813 445 882 472 812.
899 442 959 480 γάρ
975 443 1006 473 τ)
1022 442 1078 480 ἠδὲ
1094 446 1124 473 et
1139 443 1288 481 φυτεύειν
1304 445 1393 473 effiam

261 497 285 514 a.
307 502 340 506 -
358 497 385 515 v.
403 486 472 514 814.
496 483 569 515 αὖτ’
584 483 602 514 ἴ.
625 486 715 514 etiam
738 496 761 513 a.
786 502 823 506 —
846 496 873 514 v.
891 487 961 515 817.
984 485 1181 523 πολυκληῖδα
1202 487 1290 515 etiam
1312 497 1336 514 a.
1353 503 1395 506 —

259 538 286 557 v.
304 529 375 557 820.
398 527 430 557 δ’
447 525 522 557 αὖτε
545 526 613 565 μετ’
630 525 738 557 εἰκάδα
754 528 844 556 etiam
860 538 884 556 a.
906 543 949 548 —
969 538 996 557 v.
1014 529 1083 557 821.
1100 528 1268 566 γινομένη(
1284 530 1313 557 et
1328 526 1394 557 ἐπι-

260 568 367 599 δείελα
382 571 473 598 etiam
489 580 513 598 a.
532 586 569 590 -—
587 569 720 606 χερεῖων
736 580 761 598 a.
778 585 820 590 —
834 580 862 598 v.
880 571 950 599 825.
967 568 1082 600 ἄλλοτε
1099 569 1155 607 μὲν
1172 569 1290 607 μητρυὴ
1306 569 1395 599 πέλει

259 610 374 649 ἡμέρα,
391 610 507 641 ἄλλοτε
523 611 621 649 μήτηρ
638 612 769 647 Eoecerpt.
787 612 864 649 apud
879 612 1021 641 Bandim'.
1038 613 1115 641 Bibl.
1131 613 1220 641 Laur.
1236 613 1267 641 II
1282 623 1310 649 p.
1324 613 1394 641 205.

262 670 299 674 —
311 665 339 683 v.
356 656 426 683 828.
444 652 577 683 ἀλεείνω
594 664 619 682 a.
632 670 672 674 -—
686 654 721 683 In
737 664 753 682 a
767 658 872 691 poeima
884 655 1016 692 explicit:
1033 653 1126 684 τέλος
1141 655 1207 685 τῶν
1223 655 1280 684 τοῦ
1295 652 1396 684 Ἡειό-

260 697 319 726 bon
336 694 439 733 ἔργων
456 695 505 726 καὶ
519 694 655 733 ἡμερῶν.
