1561 2413
578 767 967 815 PRAEFATIO.

281 970 511 1002 Hesiodearum
536 970 742 1010 reliquiarum
765 970 873 1010 editio,
903 979 999 1009 quam
1022 967 1142 998 adscito
1166 967 1199 998 in
1222 967 1340 998 laboris

196 1022 394 1053 consortium
411 1020 587 1060 Godosredo
604 1020 753 1052 Kioedcelio
770 1020 915 1051 auditore
939 1019 1015 1050 olim
1038 1030 1109 1049 meo
1128 1019 1197 1059 jam
1221 1018 1339 1050 dudum

196 1083 306 1113 parare
330 1072 435 1112 coepi,
460 1074 520 1103 (res
542 1071 640 1102 habet
655 1074 780 1111 partes,
805 1082 939 1111 quarum
962 1070 1037 1101 huic
1055 1071 1182 1110 primae
1208 1070 1271 1100 tria
1294 1070 1339 1101 in-

195 1125 284 1162 sunt,
313 1134 394 1163 quae
423 1122 555 1153 Hesiodi
582 1123 713 1153 nomine
742 1122 840 1163 vulgo
869 1121 1031 1159 feruntur,
1065 1121 1207 1151 carmina
1235 1121 1339 1151 verbis

195 1173 234 1204 ad
267 1173 410 1204 codicum
445 1173 735 1213 manuscriptorum
773 1173 1042 1213 antiquorumque
1079 1171 1209 1202 testium
1244 1171 1339 1202 fidem

152 1214 155 1223 ¹
195 1235 289 1265 quam
319 1223 553 1254 accuratissime
583 1224 754 1263 revocatis,
784 1224 885 1254 altera
913 1223 997 1253 intra
1026 1233 1168 1253 annuum
1199 1222 1338 1262 spatium

194 1274 358 1315 proditura
382 1274 490 1304 eadem
514 1274 655 1305 earmina
678 1274 841 1305 exhibebit
863 1285 882 1304 a
904 1284 954 1304 me
977 1273 1011 1303 in
1027 1273 1145 1313 varias,
1169 1284 1207 1303 ex
1223 1273 1338 1313 quibus

195 1325 272 1356 olim
306 1324 443 1355 conflata
477 1326 565 1365 sunt,
601 1325 772 1365 particulas
805 1324 946 1355 resoluta
978 1326 1074 1364 atque
1108 1323 1338 1354 commentario

194 1375 361 1406 historiam
390 1374 523 1406 Hesiodi
555 1375 649 1406 simul
682 1375 848 1416 complexo
881 1375 1017 1406 breviter
1051 1376 1212 1414 enarrata,
1247 1375 1336 1405 tertia.

193 1426 373 1467 fragmenta
408 1426 585 1457 continebit
614 1425 773 1457 Hesiodea
801 1426 893 1457 novis
921 1426 1004 1456 curis
1031 1436 1050 1456 a
1072 1425 1224 1456 Kinkelio
1255 1435 1338 1455 com·

193 1477 307 1518 posita.
331 1476 373 1507 Et
389 1477 422 1507 in
439 1476 501 1507 illis
518 1476 646 1517 quidem
662 1477 805 1517 partibus
822 1476 1051 1517 componendis
1068 1487 1164 1517 quam
1178 1475 1337 1506 rationem

194 1527 388 1568 sequendam
412 1528 630 1567 putaverimus
653 1527 831 1568 explicandi
856 1527 943 1558 loeus
973 1527 1033 1558 erit
1061 1527 1095 1557 in
1125 1537 1233 1557 earum
1256 1527 1337 1567 ipsa-

194 1589 265 1608 rum
289 1577 557 1618 praefationibus3
582 1577 633 1609 hie
656 1589 731 1609 vero
755 1577 787 1608 id
810 1577 1029 1609 tantummodo
1053 1577 1168 1618 agitur,
1192 1579 1236 1617 ut,
1261 1588 1337 1618 quo-

194 1628 289 1659 modo
313 1629 346 1659 in
369 1628 427 1659 hac
452 1629 555 1669 prima
577 1631 667 1669 parte
691 1628 876 1660 adornanda
899 1628 1015 1659 versati
1039 1628 1152 1668 simus,
1177 1629 1336 1659 succincte

192 1680 378 1720 exponatur.

276 1729 319 1760 Et
342 1732 378 1760 ut
395 1730 465 1769 jam
488 1730 527 1760 ab
551 1729 620 1770 ipso
644 1730 821 1761 carminum
845 1733 927 1762 textu
951 1741 1045 1771 quein
1068 1732 1185 1760 vocant
1208 1729 1336 1760 initium

192 1780 322 1819 faciam,
352 1781 449 1811 verba
471 1781 539 1821 ejus
562 1781 595 1811 in
618 1780 677 1811 hac
701 1780 840 1812 editione
863 1781 1002 1822 primuni
1026 1780 1169 1811 invenies
1193 1780 1232 1810 ad
1255 1781 1335 1821 opti-

192 1842 317 1862 morum
333 1831 487 1862 librorum
503 1831 598 1862 fidem
613 1834 679 1862 tam
695 1832 843 1873 religiose
861 1842 1023 1872 expressa,
1048 1834 1083 1862 ut
1098 1835 1210 1862 contra
1225 1842 1335 1862 eorum

192 1881 415 1913 auctoritatem
447 1881 529 1912 nihil
567 1883 725 1912 mutatum
759 1882 801 1913 sit
832 1893 873 1913 ne
906 1881 1174 1913 manifestissimis
1207 1881 1334 1922 quidem

191 1932 278 1963 vitiis
301 1932 440 1972 exceptis
464 1943 522 1963 nec
545 1932 720 1973 quidquam
743 1933 811 1963 sola
834 1933 1019 1974 conjectura
1040 1932 1203 1963 invectum
1226 1943 1334 1973 quam-

192 1982 239 2013 vis
263 1982 446 2014 certissima.
485 1982 608 2023 Operae
630 1983 770 2023 pretium
794 1983 960 2015 videbatur
982 1983 1072 2024 quasi
1096 1983 1239 2024 ipsorum
1262 1993 1334 2013 ocu-

191 2033 295 2064 lorum
318 2033 397 2064 aciei
420 2044 579 2074 exponere
603 2033 679 2064 haec
703 2033 876 2074 Hesiodea,
901 2034 1008 2075 qualia
1023 2033 1184 2065 codicibus
1205 2032 1334 2064 tradun—

190 2086 243 2114 tur
266 2085 415 2124 corrupta
445 2086 476 2115 et
504 2084 629 2124 vitiata,
659 2086 709 2123 ut,
740 2095 835 2125 quam
863 2096 975 2125 parum
1004 2084 1065 2115 isto
1094 2083 1162 2114 solo
1191 2083 1332 2114 subsidio

168 2174 173 2177 .
192 2133 276 2165 effici
298 2136 420 2175 posset,
444 2134 573 2166 tandem
597 2134 777 2176 aliquando·
793 2138 969 2177 appareret.
